3228 4908
257 155 321 222 126
537 172 565 227 8.
584 169 696 244 conpr.
716 169 776 227 ltu.
795 173 881 228 olrco
899 169 1012 241 officim
1029 171 1143 228 missos
1161 174 1215 227 ete.

359 345 439 412 Duh.
462 343 534 410 xn.
568 343 729 428 Quaenam
750 342 849 410 oratio
871 341 964 409 dabat
986 341 1047 408 diei
1070 343 1164 409 tertio
1186 342 1253 408 loeo
1276 342 1306 406 in
1331 343 1432 408 hlisea
1449 363 1504 409 vo·

254 452 321 518 tiva
342 447 456 517 SSmaa
478 445 643 514 Trinitatis
663 445 745 513 inira
766 447 903 532 aliquam
927 445 1078 514 Ootavam
1100 447 1136 514 Β.
1160 446 1203 514 Μ.
1229 447 1284 526 V.;
1307 466 1346 513 an
1370 448 1410 514 de
1431 446 1503 532 Spi-

255 556 318 623 ritu
340 553 479 622 Sancto?

358 658 439 726 Duh.
463 656 552 724 xm.
593 657 645 722 An
676 655 757 722 stola
791 654 1023 722 contionatoris
1053 660 1144 740 (quaa
1173 655 1206 720 in
1239 654 1288 722 his
1317 656 1501 740 regionibus

253 783 374 849 aampar
395 765 444 830 ast
464 762 497 828 in
518 761 590 848 usn)
625 779 679 845 pro
709 759 901 826 sermonibus
933 759 1053 826 lestinis
1084 759 1123 827 de
1158 758 1187 825 S.
1219 758 1336 844 Josaph
1366 763 1400 825 at
1432 761 1500 825 Διι-

253 867 448 935 nuntiatione
473 867 506 932 Β.
531 865 574 932 hi.
598 865 654 944 V.,
687 864 810 948 quando
840 864 917 930 taen
946 864 1027 931 taeta
1056 867 1206 932 accurunt
1235 865 1268 929 in
1302 863 1500 936 hebdomada

253 973 380 1050 maiori,
409 971 522 1038 daheat
555 987 621 1036 ansa
650 969 762 1035 eoloris
788 967 869 1048 albi,
901 969 949 1034 rel
971 967 1128 1036 niolooeit
1174 969 1213 1034 hlt
1234 987 1274 1035 an
1298 969 1349 1035 die
1370 969 1401 1036 2.
1426 969 1494 1034 Νο-

254 1076 387 1144 nembris
409 1075 470 1161 (vel
495 1073 655 1142 Dominioa
675 1075 829 1159 sequenti)
859 1073 899 1139 ad
930 1092 1100 1140 sermonem
1129 1092 1185 1158 pro
1217 1074 1372 1140 delnnotis
1402 1074 1498 1140 lineat

253 1181 400 1248 adhibere
419 1180 534 1246 stolum
557 1177 666 1245 eoloris
688 1178 795 1262 nigri-l

357 1283 439 1351 Dnb.
462 1282 547 1351 XIV.
581 1283 629 1348 Διι
646 1301 699 1366 pro
714 1281 930 1348 distribuenda
946 1279 1042 1348 SSma
1058 1281 1279 1349 Communione
1295 1283 1497 1362 Monialihus,

252 1409 331 1476 quaa
354 1388 470 1456 habant
492 1387 626 1454 (thorum
649 1387 732 1452 retro
752 1390 821 1470 post
843 1386 969 1462 Altera,
998 1385 1110 1452 debeat
1137 1389 1193 1453 aut
1222 1377 1497 1472 possit'Saoerdos
1592 1457 1593 1476 ,

252 1497 323 1580 post
341 1493 507 1560 reditatum
532 1510 551 1557 a
571 1489 716 1556 Ministro
739 1490 786 1555 rel
809 1491 849 1556 ab
872 1490 948 1574 ipsis
971 1488 1158 1554 Monialibus
1174 1488 1328 1574 Confiteor
1342 1491 1497 1575 deponere
1592 1481 1593 1548 Ῡ

249 1598 409 1667 ¹(litorium
432 1597 471 1662 ad
493 1593 686 1661 fenestellam
709 1592 813 1672 chori,
836 1594 867 1658 at
887 1592 942 1672 ibi,
971 1592 1011 1658 nd
1035 1593 1185 1660 Moniales
1208 1612 1370 1661 maveteus
1391 1595 1496 1662 disere
1592 1633 1593 1686 ι

253 1705 458 1781 neeman,
481 1701 559 1779 stu,
581 1698 614 1764 at
635 1697 718 1765 Eone
739 1698 851 1782 Aponon
872 1696 953 1777 Dei,
975 1699 1053 1777 ato,
1086 1697 1134 1764 val
1154 1698 1257 1782 potius
1284 1698 1395 1764 debant
1417 1699 1496 1766 hana
1592 1723 1593 1726 ¹

252 1807 357 1874 omnia
378 1805 480 1871 ditare
501 1803 540 1868 ad
564 1801 672 1869 Altera
696 1819 801 1868 ramus
824 1801 969 1886 populum
993 1801 1031 1867 de
1053 1820 1154 1887 more;
1186 1805 1218 1868 et
1248 1801 1317 1868 dein
1348 1822 1400 1888 per
1425 1825 1493 1871 me·

250 1911 337 1977 dium
367 1909 487 1976 Altaria
515 1906 698 1974 descendere
727 1905 882 1990 (quamvis
904 1905 1067 1972 fenestella
1089 1906 1132 1972 sit
1154 1906 1185 1971 in
1210 1909 1298 1990 parte
1322 1908 1494 1995 Epistulae)

250 2015 290 2082 sd
312 2013 463 2081 Mantalos
485 2013 592 2078 saneto
619 2009 735 2077 Christi
762 2027 886 2094 corpora
907 2009 1113 2076 reficiendas?
1157 2011 1197 2076 dt
1219 2029 1259 2076 an
1282 2011 1364 2076 idem
1387 2012 1493 2078 valeat

250 2121 347 2188 stiam
370 2119 396 2184 si
420 2117 539 2185 (thorus
559 2134 618 2182 uon
641 2115 684 2181 sit
708 2117 788 2180 retro
811 2117 880 2198 post
902 2113 1029 2196 Altero,
1061 2113 1115 2180 sad
1145 2114 1177 2180 in
1205 2114 1309 2198 aliqua
1333 2119 1422 2199 parta
1445 2116 1493 2182 la-

250 2223 343 2292 terali
367 2220 582 2308 Presbyteriil

356 2327 436 2395 Dnh.
461 2325 531 2391 XV.
578 2323 696 2408 Duplex
730 2323 815 2420 viget
848 2323 949 2408 praxis
983 2343 1038 2409 pro
1067 2324 1225 2392 ablutione
1255 2325 1425 2410 digitorum
1459 2326 1492 2390 in

249 2433 351 2518 priam
371 2432 404 2498 ot
426 2427 560 2496 monada
582 2427 681 2494 Missa
703 2427 753 2494 dia
778 2429 886 2494 aauoto
909 2427 1034 2494 Natalis
1057 2429 1189 2494 Domini.
1237 2428 1302 2494 Alii
1325 2448 1435 2513 nempe
1457 2431 1490 2495 in

248 2536 370 2604 duabsu
397 2535 446 2601 his
474 2532 579 2600 Missis
600 2531 716 2618 digitos
738 2531 871 2598 abluunt
895 2531 926 2596 in
942 2548 1020 2598 uasa
1043 2532 1176 2612 mundo,
1205 2552 1317 2613 ranno,
1345 2533 1491 2600 Ministro

249 2640 356 2710 ninum
374 2641 407 2707 ot
425 2657 537 2724 aquam
559 2637 598 2704 da
620 2655 705 2704 moro
726 2635 922 2715 infundente,
953 2635 1078 2702 interim
1106 2636 1234 2704 dicendo
1262 2637 1385 2720 Corpus
1403 2645 1491 2704 naam

248 2743 401 2824 Domine,
424 2745 506 2822 sto,
535 2761 628 2826 qnam
659 2739 851 2806 ablutionem
880 2742 1007 2807 sumunt
1035 2740 1067 2806 in
1098 2740 1193 2807 tertio
1216 2741 1311 2808 Misso
1333 2761 1396 2807 uua
1417 2761 1489 2808 oum

248 2849 362 2917 nlhma
382 2846 551 2914 ablutione.
598 2843 662 2910 alii
685 2862 755 2910 roro
784 2843 900 2928 digitos
929 2842 1061 2912 abluunt
1092 2845 1124 2910 in
1156 2845 1280 2912 vaseula
1307 2864 1378 2912 oum
1409 2865 1491 2930 aqna

247 2953 310 3020 iam
333 2952 419 3037 prins
441 2951 567 3035 parato,
597 2949 633 3014 nt
663 2947 700 3014 tlt
733 2949 801 3032 post
827 2947 1078 3016 distributionem
1100 2947 1215 3016 SSmae
1237 2947 1489 3026 communionis3

247 3075 342 3142 quarn
363 3071 475 3139 aquam
498 3053 546 3119 val
568 3053 696 3118 sumunt
718 3069 788 3118 enm
811 3051 924 3118 ultima
945 3051 1103 3118 ablutione
1128 3053 1158 3118 in
1182 3053 1277 3118 tertio
1301 3053 1416 3132 hlissa,
1441 3054 1489 3119 rel

247 3161 279 3228 in
310 3159 459 3245 pinninum
488 3155 615 3223 saorarii
645 3155 859 3222 effundendam
889 3157 1075 3240 relinquunt
1119 3155 1302 3238 Quaeritur:
1334 3176 1487 3242 quaenam

247 3282 283 3330 ex
305 3263 355 3328 liis
376 3261 521 3347 prauitas
543 3261 595 3338 sit,
617 3261 724 3344 utpote
747 3259 891 3326 Rubriois
914 3261 1107 3340 conformior,
1128 3261 1306 3346 sequenda?

350 3366 432 3433 unt.
456 3363 541 3432 XVL
574 3362 708 3446 Quinam
731 3363 910 3431 Versiculos
931 3365 1098 3431 sumendae
1120 3369 1168 3432 ast
1190 3365 1224 3431 in
1251 3364 1361 3432 Otdoio
1384 3366 1487 3432 votivo

245 3471 299 3540 88.
324 3471 514 3557 Angelorum
538 3467 675 3536 herten
698 3469 836 3553 tempora
859 3469 997 3554 paschali
1028 3469 1067 3536 ad
1096 3469 1168 3535 nnn
1197 3469 1413 3538 Nocturnum:
1447 3488 1486 3535 an

245 3577 388 3644 Adorote
410 3573 515 3642 Deam
537 3591 572 3640 ax
594 3573 709 3640 Nona?

349 3679 429 3746 Duh.
453 3677 556 3744 XVII.
594 3680 643 3744 Διι
663 3676 786 3762 quando
809 3675 922 3743 laetum
945 3677 1070 3763 Septem
1094 3677 1240 3746 Dolorem
1267 3679 1301 3744 Β.
1327 3677 1370 3744 Μ.
1393 3678 1429 3744 V.
1454 3679 1485 3744 in

246 3783 440 3852 hebdomada
473 3781 629 3850 Passionis
662 3782 748 3848 naret
779 3781 889 3866 primis
919 3781 1080 3867 vesperis,
1115 3782 1248 3868 hymnus
1280 3782 1485 3866 vesperarum

244 3889 357 3956 dahaat
378 3887 523 3974 coniungi
545 3905 616 3954 num
633 3885 747 3973 hymno
763 3885 922 3966 Matutini,
942 3889 1033 3970 prout
1048 3887 1152 3955 innuit
1167 3887 1304 3954 Rubrioa
1322 3886 1485 3964 Breviorii,

242 3993 338 4061 etiarn
359 3993 387 4058 si
407 3991 521 4057 haheat
539 3989 679 4074 integros
700 3990 848 4056 saonndee
871 3989 1039 4075 Vesperas3
1063 3989 1110 4058 vel
1125 3991 1157 4057 in
1173 3993 1229 4058 hoo
1243 4009 1326 4070 casu,
1348 3990 1483 4057 debeant

243 4097 352 4184 hymni
373 4095 424 4181 (ut
444 4094 533 4161 dooat
554 4094 583 4159 A
605 4091 718 4178 Carpo)
741 4093 919 4179 transponi,
950 4094 996 4161 ita
1024 4097 1061 4161 ut
1082 4095 1122 4161 ad
1145 4094 1337 4163 Matutinum
1359 4094 1483 4161 dicatur

244 4202 376 4288 hymnus
399 4199 620 4282 vesperarum,
650 4195 690 4262 ad
712 4197 832 4264 Laudas
854 4198 987 4285 hymnus
1008 4199 1174 4278 Matutini,
1203 4200 1236 4266 at
1265 4198 1304 4264 ad
1333 4198 1485 4264 secundas

245 4305 395 4389 Vesperaa
418 4303 550 4390 hymnus
571 4321 607 4368 er
631 4301 813 4368 Laudibus?

347 4405 426 4474 Duh.
450 4406 568 4474 XVIII.
596 4406 643 4472 dn
665 4424 718 4491 pro
733 4407 871 4490 quolibet
885 4407 1001 4475 Sannio
1016 4408 1195 4474 mursano
1213 4406 1360 4473 Pontifina
1376 4409 1410 4473 at
1426 4407 1483 4472 lda-

240 4509 353 4576 olasiaa
375 4509 518 4592 Doctore,
550 4530 604 4595 pro
626 4529 686 4594 qno
708 4511 740 4574 in
764 4509 861 4577 hiiese
883 4511 1045 4578 Orationes
1067 4513 1233 4578 sumuntur
1254 4531 1292 4578 ar
1313 4511 1479 4578 annun
