3120 4904
230 122 295 188 ⁴04
338 141 373 196 ll.
394 141 513 208 Siracos,
536 139 682 208 Beitrdqc
698 155 755 194 aar
777 140 970 210 wardiyuoy
989 141 1044 194 der
1065 139 1428 194 Decrctlsleulitlcrolar.

230 316 267 378 nt
288 313 321 378 et
343 311 402 396 ipsi
424 331 493 378 erum
518 313 793 379 excommunicent.
839 311 1015 378 Auathema
1037 314 1141 378 autem
1163 329 1184 376 a
1206 310 1292 376 nullo
1316 327 1422 374 eorum
1442 312 1469 374 iu

230 437 299 484 eum
323 417 451 502 proferri
473 418 594 502 potest,
625 417 698 502 qnia
727 415 806 482 nulli
829 435 934 482 eornm
957 417 1114 482 snhieotns
1137 419 1195 482 est.
1241 415 1288 480 De
1311 415 1472 480 comitibus

229 525 336 588 eutem
361 521 446 588 aliud
470 521 632 588 dicendum
656 524 723 598 est;
756 541 825 587 uam
849 522 946 586 omnis
971 522 1137 588 comitatus
1159 520 1199 585 ah
1222 520 1317 584 unius
1339 518 1474 584 ciuitatis

231 625 385 691 territorio
408 625 559 709 originem
581 625 700 692 hahuit.
746 625 833 690 Licet
852 643 925 708 ergo
947 644 1025 690 uuus
1048 643 1149 690 comcs
1171 623 1268 690 elium
1288 624 1472 688 comitatum

230 728 268 794 de
289 748 365 794 noso
385 729 543 814 acquirat,
575 729 713 813 iniquum
737 729 815 808 erit,
845 729 872 793 si
894 729 960 794 eins
983 729 1205 794 incrementum
1226 729 1269 794 sit
1293 727 1411 810 prioris
1431 746 1475 790 ec·

229 833 321 898 clesie
344 833 582 909 detrimentum
615 853 687 897 nam
718 831 745 898 si
776 851 854 898 uuus
881 833 957 898 ciuis
979 833 1070 898 istius
1090 832 1227 898 ciuitatis
1248 831 1278 894 iu
1307 831 1414 894 altera
1437 830 1474 892 ci-

231 937 329 1002 uitate
357 937 547 1002 domicilium
577 937 689 1002 hahere
718 937 848 1018 ceperit,
881 937 1004 1020 utrique
1033 936 1174 1019 episcopo
1199 934 1363 1000 subiectus
1388 935 1475 1000 erite

233 1041 272 1106 lle
295 1041 336 1106 ist
360 1041 428 1105 keiu
454 1039 596 1118 averret,
619 1040 690 1106 dass
716 1041 824 1106 Petrus
850 1040 930 1106 Bles.
953 1040 1017 1104 iun.
1040 1042 1084 1106 im
1107 1039 1180 1124 Cap.
1206 1039 1294 1105 XXl.
1320 1039 1378 1104 des
1403 1037 1477 1121 Spe-

230 1144 334 1210 culum
355 1145 424 1228 (lid.
445 1145 604 1210 Reimarus
622 1143 652 1210 S.
667 1143 710 1209 47
727 1143 772 1222 ll.)
795 1143 899 1208 diesen
924 1143 1091 1209 Ahschnitt
1113 1162 1238 1210 unserer
1260 1141 1395 1208 Summe
1413 1163 1477 1206 ser-

233 1249 362 1314 uerthet
386 1249 456 1324 hat;
488 1247 542 1312 der
570 1247 648 1313 Text
678 1247 836 1314 derselhen
868 1248 922 1332 lag
945 1247 1014 1312 dem
1037 1249 1147 1312 Petrus
1170 1247 1380 1312 onmittelhar
1408 1246 1480 1311 oder

234 1351 264 1416 iu
289 1353 372 1416 einer
399 1351 486 1434 jener
514 1350 669 1418 Schriften
699 1350 753 1416 der
781 1351 1007 1416 franchoischeu
1031 1350 1143 1417 Schule
1174 1370 1246 1428 vor,
1274 1351 1307 1414 in
1343 1351 1479 1414 welchcn

234 1475 342 1520 unsara
362 1455 487 1521 Summe
507 1455 712 1538 ausgeheutet
733 1455 793 1520 uud
817 1455 946 1540 plagiirt
970 1455 1081 1524 uurde.

672 1558 790 1624 Stelleu
812 1559 866 1624 der
892 1559 965 1625 Pars
987 1559 1028 1626 ll.

335 1665 402 1730 hus
425 1661 526 1730 Causa
550 1663 573 1728 l.
597 1662 704 1746 Queat.
729 1663 751 1728 l.
777 1660 840 1752 [Ad
863 1683 929 1747 cap.
953 1659 985 1752 5]
1010 1662 1062 1728 lul.
1090 1662 1219 1747 ΗΜ).

335 1767 462 1848 Quando
485 1767 597 1850 aliquis
617 1767 780 1832 ordinatur
800 1767 839 1832 ah
860 1767 963 1852 aliquo
983 1767 1100 1852 preciso
1123 1767 1205 1850 [scil.
1229 1767 1404 1850 heretieoJ,
1434 1787 1482 1831 re-

234 1871 303 1950 lert,
328 1890 366 1936 an
389 1871 420 1936 in
443 1870 540 1936 lorma
563 1870 691 1936 ecclesie
706 1889 747 1935 au
761 1873 863 1948 extum
887 1871 963 1936 item
985 1871 1011 1936 si
1035 1871 1067 1936 in
1090 1870 1188 1936 forma
1209 1870 1360 1948 ecclesie,
1385 1871 1484 1935 releri

233 1973 404 2040 secundum
432 1974 584 2058 Rufinum
593 1975 649 2059 ⁹⁴),
680 1977 785 2041 utrum
815 1975 920 2052 choo
949 1974 1142 2040 ordinaretur
1164 1975 1218 2057 (1),
1250 1976 1303 2057 qui
1333 1974 1483 2038 nltimam

236 2097 345 2144 manus
368 2078 592 2162 impositionem
615 2079 769 2162 acceperit
793 2079 875 2162 [scil.
899 2079 931 2144 in
951 2079 1114 2162 ecclesia]‚
1135 2078 1183 2144 vel
1206 2095 1277 2142 non.
1313 2077 1348 2143 Si
1374 2079 1418 2142 ah
1439 2099 1484 2154 eo,

232 2184 286 2268 qui
309 2203 339 2248 u.
364 2183 448 2248 m.·i.
470 2201 510 2260 a..
533 2182 666 2247 ordinati
689 2185 771 2261 suut,
796 2184 1024 2249 sacramentum
1040 2183 1164 2267 quidem
1184 2185 1406 2265 susceperunt,
1432 2183 1484 2247 sed

234 2305 291 2352 nou
316 2305 379 2352 reru
403 2287 599 2353 sacramenti.
625 2285 683 2352 Sed
701 2286 812 2352 melius
829 2289 884 2365 est,
910 2289 945 2350 ut
960 2285 1181 2372 distinguatur,
1205 2289 1309 2352 utrum
1329 2285 1361 2349 in
1381 2285 1484 2352 forma

233 2389 361 2456 ecclesie
381 2389 429 2456 uel
453 2409 521 2458 nou.
568 2387 601 2456 Si
632 2389 713 2456 enim
740 2390 772 2455 in
800 2389 898 2472 torma
929 2389 1056 2456 ecclesie
1078 2389 1190 2474 aliquis
1212 2409 1232 2454 a
1253 2390 1378 2473 preciso
1402 2391 1484 2455 ordi-

233 2496 410 2572 natusest,
444 2497 670 2560 sacramentum
695 2494 726 2560 et
748 2493 843 2572 (stell.
869 2513 905 2558 au
926 2511 1002 2559 em:
1026 2493 1093 2578 sed)
1121 2511 1180 2558 non
1199 2494 1352 2558 uirtutem
1376 2513 1485 2559 sacra

233 2597 329 2663 menti
353 2597 494 2680 suscipit,
517 2599 553 2662 ut
575 2616 611 2663 ex
633 2597 687 2662 illo
708 2616 774 2681 cap.
798 2597 984 2682 Augustini:
1009 2597 1097 2680 Quod
1112 2596 1236 2681 quidam
1254 2597 1295 2680 [c.
1314 2595 1370 2663 97.
1391 2596 1445 2664 (is.
1462 2599 1485 2664 l.

235 2719 265 2784 q.
286 2699 317 2786 l]
341 2701 473 2766 habetur
498 2699 580 2767 v110.
602 2705 643 2767 cl.
657 2701 707 2787 ⁰⁶).

339 2803 379 2870 lls
410 2804 538 2870 handelt
561 2805 625 2870 sich
655 2804 722 2871 hier
752 2824 804 2871 um
835 2803 902 2870 eine
935 2803 1074 2872 Polemilr
1105 2823 1203 2889 gegen
1228 2803 1297 2890 jene
1319 2803 1483 2870 helxannte

236 2908 383 2994 hleinung
408 2907 540 2986 Ruhn’s,
571 2907 684 2974 welche
712 2909 791 2974 auch
820 2927 877 2974 son
900 2909 954 2975 der
976 2907 1087 2976 Glossa
1109 2909 1265 2974 ordinaria
1284 2907 1324 2974 ad
1348 2907 1404 2975 Os.
1430 2909 1481 2974 IX.

233 3031 262 3096 q.
287 3013 311 3078 1.
333 3013 427 3096 princ
455 3011 516 3078 und
539 3011 578 3076 ad
601 3031 627 3079 c.
651 3013 671 3076 5
692 3011 768 3079 ibid.
793 3012 915 3078 reierirt
939 3011 1012 3078 uixd
1027 3017 1078 3096 ⁹⁶).

338 3184 383 3254 98)
403 3185 471 3242 Dese
488 3185 568 3242 Rufln
586 3185 614 3240 in
633 3201 742 3242 uererer
760 3186 868 3242 Summe
881 3184 917 3242 ad
931 3183 995 3257 Gap.
1012 3187 1038 3241 h.
1057 3183 1099 3242 Os.
1118 3185 1140 3242 1.
1158 3201 1184 3255 q.
1202 3184 1214 3240 l
1234 3183 1290 3240 und
1307 3183 1339 3240 in
1356 3184 1407 3241 Oe.
1427 3184 1484 3239 XX

235 3287 261 3342 q.
280 3269 301 3326 1.
322 3270 396 3326 citirt
416 3271 494 3336 vird,
514 3271 583 3328 hate
601 3271 645 3328 ich
662 3271 744 3328 echon
764 3273 801 3328 im
821 3271 953 3343 Anaeiger
972 3272 997 3328 d.
1016 3271 1082 3328 tais.
1101 3272 1151 3328 hh.
1170 3271 1195 3326 d
1212 3270 1254 3326 W.
1272 3270 1426 3340 phil-hist.
1446 3271 1484 3327 Cl.

234 3373 296 3412 sem
314 3355 357 3412 20.
376 3355 443 3412 lior.
464 3355 531 3413 1889
548 3358 575 3414 S.
594 3357 628 3414 88
643 3357 765 3414 bekannt
784 3359 919 3427 gemacht
952 3359 1063 3414 Scholte
1084 3359 1133 3414 hat
1152 3363 1234 3414 diere
1251 3356 1442 3427 Mittheilnng
1459 3359 1485 3410 in

233 3444 322 3500 seiuer
348 3442 569 3514 liudo-husgxhe
594 3445 726 3514 ignorirt‚
751 3444 822 3500 wohl
849 3445 876 3499 iu
902 3444 950 3502 der
968 3445 1112 3516 meinung.
1136 3443 1208 3500 daun
1232 3443 1424 3516 nngelihxdet
1441 3444 1484 3498 he

236 3530 357 3600 hampton
375 3545 407 3586 an
425 3530 545 3596 konnen,
572 3529 634 3586 deas
662 3531 749 3586 meins
776 3531 981 3588 Puhliextionea
1005 3531 1049 3587 l'dr
1069 3531 1116 3586 ihn
1136 3531 1296 3586 ›werthina‹
1315 3530 1403 3586 seien.
1440 3530 1482 3585 leh

234 3616 303 3673 hehe
329 3616 403 3673 diese
430 3647 463 3660 -
490 3635 572 3689 sagon
601 3619 664 3673 wir:
692 3619 930 3689 nnqnalilleirhare
960 3619 1142 3690 Behenptnng
1165 3617 1299 3674 Schulte¹s
1323 3617 1354 3672 in
1380 3619 1484 3672 metuet

236 3702 386 3759 Brosehdre
406 3703 518 3774 »dirige
537 3704 742 3776 Semerkungen
761 3719 794 3760 xn
813 3705 948 3761 Schulte's
971 3704 1200 3774 anun-husgehe.
1224 3703 1376 3760 lonsbrmk
1399 3705 1480 3759 1892«

235 3793 378 3860 genhgend
397 3789 553 3846 heleochtet
571 3790 625 3845 und
644 3789 707 3848 doct
725 3791 944 3862 naehgeuiesen,
969 3791 1030 3848 dass
1058 3790 1169 3846 Schulte
1194 3791 1222 3846 iu
1245 3790 1335 3846 seiuer
1354 3788 1482 3860 husgahe

236 3873 398 3939 Ansmhten,
416 3874 459 3930 die
477 3875 520 3931 ich
539 3879 628 3930 soeret
645 3876 875 3946 ansgesproehen‚
895 3879 1033 3947 uostrigt.
1056 3877 1126 3932 ohne
1149 3876 1218 3932 mich
1237 3875 1278 3930 als
1300 3875 1398 3930 minen
1419 3875 1479 3928 Vor-

237 3977 318 4016 mann
337 3977 369 4016 an
385 3960 489 4016 siticen.
526 3961 557 4016 ln
577 3959 665 4017 dieser
685 3961 834 4018 Brouchhre
852 3961 922 4018 habe
940 3963 982 4018 ioh
1000 3961 1122 4032 angleieh
1143 3962 1192 4016 ani
1211 3961 1274 4030 jene
1291 3961 1480 4030 pentulieheu

235 4046 358 4118 hogrilie
384 4051 579 4118 gennesareos.
610 4049 710 4104 welche
737 4049 849 4105 Scholte
881 4049 909 4104 in
939 4050 1027 4106 seiner
1056 4047 1183 4120 Anegahe
1212 4063 1300 4118 gegeu
1332 4048 1408 4104 mich
1440 4063 1482 4118 ge

241 4132 341 4189 richtet
359 4134 446 4190 hatte.

339 4221 384 4288 94)
404 4220 457 4275 Der
475 4220 561 4276 Same
579 4220 616 4275 ist
634 4221 670 4276 im
688 4219 776 4278 Codex
792 4221 1023 4291 ansgeschriehen.

339 4307 383 4372 95)
401 4305 434 4360 In
451 4321 563 4362 umerer
581 4305 759 4362 Handschxift
775 4309 812 4362 ist
829 4307 948 4362 edentur
966 4306 1014 4364 XC
1032 4324 1080 4362 sor
1098 4307 1165 4364 vno
1181 4307 1363 4377 suegelallen.

340 4389 385 4457 96)
403 4389 454 4444 Die
480 4389 575 4446 Glosse
602 4390 709 4460 eehdplt
737 4408 786 4446 aas
818 4392 971 4462 Hngneci03
1008 4393 1093 4464 rergl.
1128 4394 1172 4450 die
1200 4411 1234 4448 m.
1260 4393 1302 4448 W.
1338 4392 1379 4448 his
1414 4395 1480 4461 istst

237 4472 364 4540 ningends
389 4473 602 4530 sertffextlichte
627 4475 712 4530 Stelle
738 4477 825 4532 seiner
844 4479 951 4534 Summe
969 4477 1011 4534 Ox.
1030 4477 1077 4534 [x.
1097 4495 1124 4549 q.
1143 4479 1166 4534 1.
1185 4479 1267 4550 punc.
1303 4477 1393 4548 (unu
1414 4477 1479 4533 Cod.
