3168 4898
261 177 407 250 Beltrdpe
426 197 483 234 aar
505 179 697 250 Wltrrlc'pursp
716 181 771 235 der
794 180 1154 235 Decretislerstttlerutar.
1267 159 1330 227 387

88 350 250 416 Entwichl.
273 349 302 416 S.
321 349 363 414 94
379 350 421 427 r,
445 350 548 424 Sobm,
576 351 637 414 Das
662 351 761 416 Recht
776 350 805 415 d.
825 351 1084 432 llheschliessung
1098 369 1126 414 a.
1144 350 1173 414 d.
1191 349 1330 416 deutsch.

87 475 118 520 u.
142 473 209 518 can.
231 455 267 519 R.
290 453 394 536 gesch.
418 457 506 518 enta.
536 453 566 522 S.
589 455 640 520 54.

195 558 232 622 D.
253 557 338 624 XXI.
362 577 387 622 c.
412 557 502 623 Nunc
525 559 629 622 autern
653 557 701 643 (7)
727 595 764 605 -
791 557 854 624 sor.
869 558 922 620 ·4’ο
945 556 1090 638 —Quid
1113 558 1161 622 est
1184 555 1264 640 quod
1282 555 1331 621 di-

88 664 172 728 citur
196 661 384 739 Marcellino,
406 662 485 746 quod
511 661 610 744 prima
632 663 719 726 sedes
742 681 800 727 non
823 662 1012 727 iudicabitur
1031 682 1050 726 a
1073 680 1236 745 quoquam,
1259 679 1329 726 cum

88 767 126 831 de
149 766 304 851 ydolatria
324 770 479 849 ageretur,
503 766 535 830 in
559 785 652 831 causa
675 768 780 831 autem
803 766 873 830 fidei
897 767 985 831 sedes
1009 766 1178 848 apostolica
1198 765 1329 829 indicari

89 871 220 952 posset?
265 869 313 934 ad
337 869 393 934 boc
417 868 603 948 notandum,
631 869 711 951 quod
743 871 842 950 prima
871 868 957 932 sedes
980 868 1111 934 iudicari
1134 887 1193 933 non
1217 870 1329 951 potest,

89 975 148 1037 nisi
172 975 202 1036 in
224 973 365 1038 articulis
389 973 459 1036 fidei
483 973 683 1055 pertinaciter
707 973 864 1049 erraverit,
892 974 927 1038 ut
951 971 1032 1036 inira
1053 972 1082 1038 d.
1106 972 1171 1037 XL.
1196 972 1228 1038 Si
1252 991 1332 1055 papa

88 1075 128 1164 [c.
151 1079 197 1161 6],
223 1077 269 1142 vel
292 1096 362 1142 curn
385 1079 615 1157 perseveranter
638 1077 798 1142 ecclesiam
823 1077 968 1142 scismate
991 1077 1170 1160 corruperit,
1196 1078 1232 1140 ut
1250 1076 1331 1140 intra

88 1181 205 1245 XXIV.
229 1199 338 1247 cansa:
363 1181 442 1247 Sane
459 1180 672 1263 prolerlur³⁹t
696 1179 755 1246 Sed
774 1181 895 1244 videtur
909 1199 956 1248 m.
972 1199 1016 1264 p..
1039 1180 1120 1264 quod
1136 1180 1332 1263 decipiuntur

88 1285 122 1348 in
145 1286 374 1370 equivocatione
398 1285 489 1348 buius
512 1285 643 1350 nominis
668 1305 765 1367 papa:
795 1284 838 1348 ibi
870 1284 952 1348 enim
977 1303 1055 1367 papa
1075 1302 1130 1367 pro
1155 1283 1332 1367 patriarcha

89 1388 224 1471 ponitur,
240 1407 338 1472 neque
353 1388 484 1464 ridetur,
499 1387 581 1470 quod
597 1388 784 1470 apostolicus
799 1406 854 1470 pro
869 1387 1014 1452 scismate
1029 1388 1071 1453 sit
1085 1387 1269 1452 iudicandus
1277 1387 1328 1470 ⁴⁰).
1360 1399 1369 1414 ·

91 1492 166 1556 Wer
187 1494 229 1556 ist
253 1511 304 1556 vor
325 1492 418 1556 allam
438 1492 538 1557 dieser
561 1491 710 1575 Magister
734 1492 794 1558 R?
831 1493 889 1556 Am
913 1491 1059 1556 ntcbsten
1083 1492 1162 1574 licgt
1185 1509 1218 1555 es
1241 1491 1328 1569 wohl,

90 1614 130 1660 an
155 1596 266 1660 Petrus
288 1595 402 1662 Cantor
423 1615 460 1658 zu
483 1595 612 1661 denhen.
662 1595 763 1660 Sohon
789 1596 943 1661 Monesen
976 1595 1136 1678 (Beitrdge
1159 1593 1189 1661 S.
1214 1595 1266 1673 27,
1290 1595 1332 1659 28

91 1701 172 1765 Note
195 1699 226 1784 l)
255 1701 311 1764 hat
341 1699 453 1764 darauf
479 1699 699 1782 hingeniesen,
731 1699 801 1764 dass
829 1699 928 1763 dieser
951 1698 1176 1762 unaneilelbalt
1202 1697 1332 1764 Glossen

90 1805 163 1870 oder
193 1806 281 1868 einen
309 1803 539 1887 selbstendigen
570 1802 766 1868 Commentar
798 1822 865 1868 zum
893 1804 1020 1868 Decreta
1044 1802 1243 1886 geschrieben
1267 1802 1332 1870 bat.

93 1909 162 1972 Wir
190 1908 299 1972 ddrlen
330 1927 386 1973 non
417 1908 482 1971 ihm
507 1907 585 1971 wohl
614 1907 692 1973 ohne
716 1908 854 1972 welteres
876 1907 1073 1984 remathad,
1105 1907 1176 1972 dass
1203 1926 1235 1970 er
1266 1906 1331 1970 sich

88 2013 177 2095 jener
206 2011 355 2094 Meinung
386 2011 560 2088 enschloss,
596 2012 708 2075 welche
739 2011 807 2075 dem
832 2011 1034 2094 angeblicbeu
1059 2010 1256 2094 hussprnche
1279 2010 1332 2074 des

91 2115 261 2199 Martyrers
286 2115 459 2180 Bonifacius
482 2115 524 2178 im
548 2114 581 2180 O.
604 2114 638 2180 Si
654 2133 734 2197 papa
752 2116 788 2181 D.
805 2115 847 2180 40
872 2115 921 2178 die
937 2114 1232 2179 einscbrankendste
1250 2115 1329 2176 hus·

91 2220 206 2302 legung
229 2220 308 2303 gab‚·
337 2221 404 2284 eine
436 2218 589 2282 bekannte
616 2219 711 2282 Stella
743 2219 773 2280 in
808 2220 916 2282 Petrus
943 2218 1083 2283 (lentor's
1112 2218 1247 2282 Verbum
1275 2217 1331 2281 ab·

91 2323 264 2389 breviatum
288 2323 348 2407 (Ol.
371 2322 444 2404 Cap.
465 2323 517 2400 44,
542 2323 590 2386 bei
615 2323 725 2405 Mlgne
750 2321 833 2389 Patr.
861 2323 929 2387 bat.
954 2324 977 2386 t.
999 2322 1071 2400 205,
1096 2321 1152 2388 col.
1177 2321 1298 2386 139..
1324 2372 1331 2386 .

92 2427 162 2492 Non
192 2427 274 2492 enim
306 2427 379 2492 licet
410 2426 486 2491 mihi
518 2426 618 2490 dicere
638 2426 761 2490 domino
783 2445 900 2510 papae:
933 2425 994 2491 Cur
1017 2428 1062 2490 ita
1085 2425 1186 2491 lacis?
1230 2424 1332 2492 Sacri·

91 2532 208 2613 legium
232 2531 313 2596 enim
337 2533 384 2596 est
405 2549 497 2613 opera
519 2529 584 2594 eius
607 2530 791 2613 redarguere
815 2532 847 2595 et
870 2530 1043 2613 vituperare
1064 2534 1138 2614 ...)
1161 2529 1279 2602 erhlert
1297 2547 1329 2592 es

91 2635 141 2698 fur
156 2635 366 2719 sacrilegisob,
390 2634 447 2698 den
466 2633 562 2716 Papst
577 2653 614 2698 zu
629 2635 735 2698 tadeln
755 2633 827 2698 oder
842 2653 895 2698 zur
912 2633 1139 2700 Rechenscbatt
1158 2653 1195 2697 zu
1213 2633 1329 2710 nioben,

92 2738 154 2802 und
178 2739 359 2820 missbilligt
381 2737 431 2802 die
457 2741 655 2821 heussemng
678 2737 730 2802 des
753 2737 875 2802 (tilbert
898 2738 936 2802 de
959 2738 988 2802 la
1010 2737 1130 2814 Porrde,
1154 2737 1208 2801 der
1231 2755 1263 2803 es
1280 2755 1333 2819 ge·

93 2847 176 2924 wagt
198 2843 295 2920 hatte,
318 2842 368 2906 die
391 2843 499 2919 Aebte,
525 2841 639 2906 welche
663 2841 718 2906 aui
738 2841 843 2906 Grund
870 2842 1059 2925 papstlicber
1079 2840 1266 2923 Privilegien
1281 2839 1332 2903 die
1414 2881 1418 2890 ·

92 2945 251 3010 Exemtion
269 2946 299 3010 in
316 2945 478 3028 hnspruch
501 2945 645 3025 nahmen,
668 2945 892 3012 Schismatiker
909 2966 945 3011 zu
964 2966 1081 3012 nennen
1103 2946 1137 3032 (l.
1154 2963 1198 3012 c.:
1216 2944 1334 3010 Huius·

196 3135 240 3205 39)
257 3134 320 3206 (lap.
337 3135 383 3192 flu.
403 3153 429 3206 q.
447 3136 484 3192 11.

194 3221 240 3291 40)
259 3221 309 3276 Min
328 3221 405 3276 Bliclr
431 3223 459 3276 in
478 3223 522 3277 die
539 3223 755 3293 llrlr'suterungen
781 3223 828 3278 der
851 3225 943 3280 bisher
967 3226 1120 3280 bekannten
1146 3222 1334 3278 commentare

92 3307 149 3362 und
166 3307 278 3364 Glossen
304 3325 336 3362 au
362 3309 413 3363 den
437 3309 475 3362 im
493 3309 577 3364 Teste
597 3311 704 3364 citirten
725 3310 829 3364 Stellen
850 3311 955 3382 ergibt,
978 3311 1040 3365 dass
1064 3311 1112 3365 der
1132 3311 1205 3380 Mag.
1225 3311 1255 3364 P.
1275 3309 1334 3363 hier

92 3410 144 3447 nur
170 3395 230 3448 eine
257 3394 305 3448 der
329 3395 442 3449 Doctrin
470 3395 606 3464 geldullge
632 3395 786 3464 llrlrlr'srung
808 3395 853 3450 sdr
869 3395 913 3450 die
932 3396 1145 3464 Verurtheilung
1164 3396 1211 3450 dee
1231 3411 1333 3464 »papa«

95 3481 236 3534 Dioscorus
261 3480 288 3533 iu
307 3481 365 3535 eine
384 3481 673 3551 vcrallgemeinernde,
706 3483 791 3550 rbllig
809 3482 1012 3552 schulgerecbte
1032 3482 1110 3536 Sorrn
1128 3481 1259 3551 gebracht
1276 3481 1334 3534 hat.

91 3565 151 3620 Neu
178 3567 215 3621 ist
244 3566 320 3620 nicht
346 3566 395 3620 der
422 3565 563 3631 Gedsnhe,
598 3566 667 3620 wohl
697 3566 763 3621 aber
792 3566 836 3621 die
869 3567 916 3622 der
947 3567 1070 3622 Tendeba
1102 3567 1149 3621 der
1180 3566 1335 3620 Scholastih

92 3652 304 3720 entsprechende
333 3651 473 3723 Fassuug,
514 3653 612 3708 welche
651 3653 698 3707 der
728 3654 826 3709 solutio
855 3655 1055 3708 contrarietatis
1087 3654 1130 3709 cin
1156 3653 1333 3723 allgemeines

92 3739 200 3809 Princip
218 3755 251 3792 au
269 3737 379 3794 Grande
396 3740 456 3808 legt
474 3738 586 3808 (mecm.
605 3739 632 3792 in
652 3740 758 3810 aquia«
779 3744 845 3806 etc.;
865 3741 897 3796 cl.
918 3741 991 3795 Petr.
1010 3740 1138 3795 Abdlard.
1157 3740 1229 3794 Prol.
1246 3741 1275 3793 iu
1292 3738 1335 3793 Sic

92 3829 121 3880 et
138 3825 213 3890 Non,
239 3826 333 3897 Migrre
348 3828 413 3880 tom.
434 3825 491 3879 178.
509 3825 550 3880 col
570 3825 650 3880 1344ι
673 3825 789 3880 »Facilis
808 3831 897 3880 autern
916 3826 1074 3896 plerumque
1093 3824 1333 3880 controversiarum

91 3913 191 3966 solutio
211 3913 368 3980 reperietur,
386 3913 408 3966 si
427 3911 520 3966 eadem
539 3911 620 3966 rerba
639 3913 665 3965 in
685 3911 798 3966 dirersis
817 3911 1060 3983 significationibus
1079 3931 1095 3967 a
1114 3912 1226 3966 diversis
1244 3913 1335 3964 aucto·

92 3997 166 4052 ribus
184 4000 271 4069 posits
289 3997 433 4054 defendere
449 3997 635 4067 poterimnsc).
673 4001 794 4054 ,tclrnlle
813 3997 935 4061 (Summa
953 3998 1092 4066 Stephani,
1113 3999 1139 4051 S.
1158 3999 1200 4062 60,
1218 3996 1288 4050 Note
1307 3995 1334 4064 3)

92 4083 157 4138 land
174 4085 202 4138 in
221 4085 269 4139 der
287 4084 417 4146 Leidener
436 4083 613 4138 Handschrilt
631 4083 677 4138 des
697 4083 864 4154 Stephanus,
881 4083 969 4140 Codex
988 4084 1068 4140 Univ.
1087 4085 1150 4138 olim
1170 4085 1333 4138 Meermsnn.

94 4168 223 4232 12140..
251 4186 301 4225 sec.
322 4169 414 4235 XIIL,
437 4168 470 4225 ad
491 4184 512 4223 c.
532 4169 560 4223 Si
580 4185 646 4238 papa
665 4169 698 4224 D.
716 4170 750 4221 40
768 4170 821 4225 den
840 4170 964 4225 Beisnta:
991 4210 997 4224 .
1021 4211 1053 4225 ..
1078 4169 1133 4224 Hoc
1151 4186 1247 4224 nomeu
1267 4185 1335 4238 papa

92 4255 175 4310 aliter
191 4257 235 4310 hic
257 4259 285 4312 et
303 4255 384 4311 aliter
402 4256 511 4326 ponitur
529 4254 576 4309 ibi.
610 4255 661 4309 Hic
681 4271 729 4323 pro
749 4257 909 4324 apostolico,
937 4257 975 4311 lbi
997 4274 1045 4326 pro
1073 4258 1194 4324 episcopo
1221 4255 1263 4310 rol
1287 4273 1334 4324 pa·

91 4340 225 4402 triarcha;
254 4341 396 4396 Dioscorus
427 4342 499 4422 enim
524 4340 679 4409 patriarcha
703 4341 782 4396 luit«
826 4341 867 4398 Ob
894 4342 966 4398 dinae
992 4342 1162 4411 Bemerlmng
1189 4341 1259 4395 wohl
1286 4357 1335 4396 nna

92 4441 203 4480 unserer
221 4425 329 4482 Summe
347 4427 411 4482 oder
430 4445 478 4482 aus
498 4428 558 4482 dem
579 4427 675 4482 Werhe
694 4426 740 4482 des
759 4429 833 4500 Mag.
853 4429 884 4483 P.
903 4429 999 4497 (verm.
1021 4430 1118 4483 Petrus
1139 4427 1250 4497 (lentot)
1268 4427 1335 4484 llber

92 4509 144 4566 due
164 4511 260 4568 Decret
278 4513 421 4584 geschtplt
440 4513 499 4569 ist?

1163 4599 1231 4666 ab·
