3168 4898
299 139 443 211 Beitrdpe
461 141 518 196 azir
540 141 733 212 Wdrdtpanp
753 145 809 196 der
830 141 1193 198 Dccrclictenlitternlnr.
1303 126 1364 192 381

124 311 219 375 sterio
240 311 316 392 ipsis
338 309 483 376 fidelibus
508 315 564 376 ant
586 311 757 394 precipitur
780 313 835 376 aut
855 312 1021 381 suadetur:
1053 314 1227 380 rotunditas
1254 316 1366 401 quippe

124 415 259 499 undiquc
289 415 365 479 elisa
396 418 444 479 est
474 417 506 480 et
527 414 672 494 decliuis,
709 433 767 480 non
802 413 919 481 babens
952 415 982 481 in
1018 435 1051 481 se
1084 419 1233 502 angulum
1268 439 1366 504 neque

123 519 248 603 aliquod
270 518 499 597 offendiculum,
522 519 608 583 nulla
623 520 671 584 est
686 519 730 583 ibi
745 521 1004 602 supereminentia
1021 523 1188 604 prestitum
1206 523 1362 590 lesionem.

123 623 175 688 lte
197 627 229 687 et
251 641 406 688 sacrorum
429 642 579 688 canonum
604 623 768 708 disciplina
793 623 875 688 nullo
907 625 1040 690 henotico
1072 625 1236 708 pravitatis
1263 645 1364 695 errore

123 727 273 806 afficitur,
298 728 413 793 nullius
435 727 611 810 iniquitatis
637 729 792 812 arguitur.
822 728 937 794 nullius
961 747 1053 812 preve
1071 729 1222 812 opinionis
1244 732 1365 798 macula

121 832 257 897 notetur.
298 831 532 895 Murenularum
557 831 689 896 varietas
712 833 780 896 auri
802 833 986 916 argentique
1008 837 1099 917 grata
1122 835 1268 900 sotietate
1291 855 1362 901 con·

120 938 245 1013 texitur,
262 937 335 1020 qnia
351 955 505 1001 sacrorum
522 955 672 1001 canonum
688 936 852 1020 disciplina
868 938 1019 1019 sapientie
1035 939 1128 1003 simul
1145 941 1176 1003 et
1188 937 1363 1022 eloquentie

120 1039 281 1124 splendore
304 1040 487 1105 illustratur.
539 1041 596 1105 Per
619 1060 728 1105 aurum
754 1042 833 1106 enirn
865 1042 1017 1125 sapientia
1048 1041 1244 1126 designatur,
1276 1044 1364 1108 cuins

119 1142 283 1226 acquisitio
306 1143 415 1208 melior
438 1146 486 1209 est
510 1144 593 1208 omni
618 1145 826 1228 negotiatione
843 1145 909 1209 auri
930 1148 962 1210 et
976 1145 1108 1230 argenti.
1138 1145 1224 1212 Unde
1243 1146 1362 1212 dictum

119 1248 184 1312 est:
208 1245 233 1312 Ο
257 1246 390 1312 altitude
413 1246 592 1312 divitiarum
607 1249 657 1331 ¹⁴).
711 1249 771 1313 Per
801 1247 923 1332 argenti
954 1249 1085 1314 nitorem
1115 1249 1287 1334 eloquentie
1310 1250 1359 1314 di-

120 1351 189 1414 vine
220 1350 363 1433 splendor
394 1350 565 1434 accipitur:
602 1351 768 1435 »Eloquia«
803 1353 884 1416 enim
918 1350 1078 1430 memini,
1110 1352 1232 1436 eloquia
1264 1356 1360 1432 casta,

119 1455 285 1538 argeutum
309 1455 380 1537 igne
403 1455 622 1532 examinatum,
647 1456 809 1536 probatum
820 1455 893 1541 Ιὕ),«

223 1557 372 1624 Canonice
396 1559 500 1623 autem
521 1557 682 1642 discipline
705 1560 852 1624 nonnulle
874 1561 922 1625 est
946 1560 1088 1636 varietus,
1114 1561 1164 1626 ubi
1181 1564 1220 1627 et
1238 1561 1361 1628 iustitia

118 1663 152 1726 et
173 1662 372 1746 dispensatio,
397 1662 555 1745 permissio
578 1665 610 1728 et
632 1663 797 1728 tolerantia
820 1663 934 1748 absque
958 1663 1023 1728 ulla
1044 1664 1093 1728 sui
1114 1664 1291 1732 contusione
1308 1686 1361 1732 nc·

119 1768 226 1830 tantur·
240 1769 289 1852 ²⁶).
334 1765 427 1831 Juste
449 1765 566 1849 ·(Cod.:
589 1767 684 1852 iusta)
715 1767 795 1832 enim
820 1767 957 1832 decernit
980 1767 1100 1846 debita,
1133 1769 1360 1852 dispensatione

117 1868 261 1952 indulget
283 1869 442 1949 indebita,
473 1869 628 1952 permittit
661 1870 741 1954 quod
773 1869 913 1950 dedecet,
944 1871 1058 1938 tolerat
1086 1872 1167 1955 quod
1192 1893 1251 1938 non
1275 1873 1358 1942 licet.

117 1973 209 2037 Juste
231 1973 391 2038 iudicabat
414 1974 466 2056 qni
490 1973 626 2039 decrerit
649 1975 800 2040 hereticos
824 1975 862 2040 ad
890 1976 1050 2040 ecclesiam
1081 1978 1269 2042 revertentes
1301 1996 1358 2042 non

117 2095 185 2140 esse
207 2075 337 2141 ulterius
363 2076 403 2142 ad
431 2096 534 2143 sacros
566 2079 687 2144 ordines
717 2079 955 2162 promovendos,
986 2079 1040 2142 scd
1071 2080 1100 2144 ei
1129 2079 1293 2164 benignius
1324 2099 1359 2146 er

118 2179 328 2245 misericordia
351 2181 467 2264 placuit
490 2199 539 2246 cos
562 2184 630 2265 post
655 2184 880 2248 conversionem
905 2183 1128 2248 emendationis
1151 2183 1215 2248 rite
1238 2184 1357 2250 meritis

116 2283 156 2349 ad
187 2285 380 2352 sublimiores
415 2285 530 2369 gradus
559 2285 776 2351 admittendos.
832 2285 1042 2352 Permittendo
1074 2285 1163 2352 dixit'
1181 2287 1356 2370 apostolus:

116 2389 331 2474 Unusquisque
355 2389 470 2454 hebeat
491 2407 579 2453 suam
607 2392 731 2471 propter
756 2389 988 2454 fornicationem
1003 2389 1053 2475 ²⁷).
1100 2390 1166 2455 Hac
1189 2389 1242 2474 (So
1266 2390 1355 2474 (lod.)

116 2497 219 2558 autem
239 2491 407 2558 secundnm
430 2491 677 2576 indulgentiam,
711 2509 767 2557 non
791 2492 958 2558 secundum
981 2492 1165 2575 imperinm
1194 2496 1356 2576 paccatum

114 2598 196 2662 enim
232 2615 297 2662 esse
331 2595 454 2660 ridetur
487 2595 567 2679 quod
601 2595 823 2679 indulgendum
860 2615 925 2661 esse
957 2597 1141 2680 providetur.
1198 2596 1355 2662 Tolerarit

115 2701 298 2766 Ambrosius
317 2700 484 2776 illicitum,
516 2719 584 2764 cum
608 2698 742 2766 diceret:
778 2699 830 2764 »Si
860 2718 950 2784 agros
975 2699 1101 2765 ecclesie
1124 2701 1281 2766 desiderat
1303 2702 1352 2766 in-

113 2807 244 2888 perator,
268 2807 454 2889 potestatem
478 2803 573 2869 habet
598 2803 872 2879 vendicandorum
896 2803 988 2868 tollat
1011 2823 1071 2883 ecs,
1094 2803 1121 2869 si
1141 2804 1266 2870 libitum
1294 2806 1351 2871 est.

113 2909 283 2988 Inperatori
306 2928 365 2975 non
387 2909 481 2988 donc,
512 2907 566 2974 sed
598 2927 654 2973 non
682 2928 788 2992 nego«
837 2907 1033 2991 Dispensatio
1055 2909 1150 2976 etiam
1173 2909 1240 2992 ipsa
1264 2909 1296 2973 in
1320 2928 1352 2974 se

115 3011 329 3096 multipliciter
351 3013 507 3080 variatur:
539 3012 601 3078 alia
631 3011 713 3076 enim
742 3012 903 3090 iubentur,
936 3012 999 3077 alia
1026 3012 1265 3096 permittuntur,
1291 3012 1354 3078 alia

114 3115 322 3199 probibentur.
366 3116 501 3181 anetur
531 3115 653 3199 quidem
689 3115 817 3180 cuilibet
848 3115 998 3198 penitenti
1032 3115 1064 3180 in
1095 3115 1260 3182 norissima
1293 3117 1355 3180 rite

113 3221 196 3284 exitu
216 3220 461 3285 communionem
484 3219 568 3296 deri;
592 3219 794 3302 permittitur,
819 3221 853 3284 ut
876 3219 1006 3284 clericus
1029 3225 1097 3302 post
1117 3220 1237 3302 lapsum
1253 3220 1354 3285 camis

114 3343 167 3407 per
188 3323 370 3407 condignam
394 3324 595 3406 penitentiam
620 3325 717 3407 possit
741 3323 909 3406 promoveri
942 3326 997 3388 aut
1019 3324 1049 3388 in
1074 3325 1172 3390 sacris
1194 3323 1353 3389 ordinibus

112 3429 254 3511 tolerari3
277 3426 464 3510 prohibetur,
488 3426 584 3492 veluti
607 3445 647 3491 ne
667 3427 843 3492 simoniacis
866 3429 1021 3510 parcatur.
1059 3427 1106 3493 Ne
1126 3427 1227 3524 igitur
1236 3431 1296 3508 ²⁷⁸)
1318 3447 1354 3493 en

215 3584 260 3650 24)
280 3582 343 3638 Scil.
361 3582 509 3652 sapientiae
526 3584 555 3637 et
572 3581 700 3637 scientiae
718 3581 784 3646 Dei;
805 3581 839 3636 cl.
860 3581 936 3638 Paul.
957 3581 993 3637 ad
1011 3581 1087 3636 Rom.
1106 3581 1156 3646 XI,
1176 3582 1219 3636 33.

214 3670 259 3738 25)
277 3666 377 3724 Pralnr.
401 3669 450 3724 XL
470 3668 503 3724 V.
521 3669 545 3724 7.

214 3757 259 3826 26)
277 3755 341 3824 Vgl.
366 3755 444 3810 hieru
466 3754 519 3810 den
545 3753 646 3824 Prolog
672 3755 750 3810 lvo's
774 3753 818 3809 bei
844 3755 949 3826 Mtpnc
973 3754 1076 3810 Patrcl.
1095 3753 1154 3812 Lat.
1179 3757 1201 3809 t.
1219 3754 1284 3820 161,
1303 3754 1352 3810 cul.

110 3847 143 3900 47
162 3859 246 3914 seqq,
266 3843 378 3898 nelcher
396 3840 573 3897 bekanntlicb
594 3840 638 3896 die
656 3840 774 3909 Vorlage
789 3840 834 3895 lllr
849 3840 909 3894 eine
921 3840 1005 3896 Reihe
1023 3843 1145 3910 spdtcrer
1156 3841 1278 3910 gebildet
1293 3841 1351 3896 hat

213 3929 257 3999 27)
275 3927 351 3982 Paul.
372 3925 394 3982 1.
413 3923 472 3982 Cer.
491 3925 553 3990 Vll,
571 3927 587 3980 2
605 3925 656 3996 (Ol.
675 3926 785 3996 Prolog.
806 3926 882 3981 Iron.
898 3925 916 3982 l.
935 3943 956 3981 c.
971 3925 1026 3996 49).

213 4014 274 4085 27⁵)
294 4013 343 4068 Die
362 4011 488 4083 folgendc
506 4012 592 4068 Stella
610 4011 680 4082 [Von
701 4011 934 4083 »clamitantis
956 4009 1130 4082 ’solvendc‹]
1150 4012 1200 4082 hat
1214 4011 1352 4084 Huguccic

110 4101 157 4156 der
183 4101 298 4158 Verrede
325 4099 412 4156 seinar
440 4099 548 4154 Summe
575 4098 769 4169 anszngsrreise
798 4100 973 4164 einrerlaibt;
1003 4098 1089 4170 rcrgl.
1118 4099 1162 4155 die
1188 4116 1240 4155 ron
1266 4103 1352 4156 &arti

109 4205 156 4243 am
181 4187 243 4242 dem
267 4186 331 4243 (lod.
354 4187 441 4242 Vatic.
466 4185 535 4240 2280
563 4185 746 4255 mitgetheilte
770 4184 855 4240 Stella
882 4185 934 4254 (De
951 4185 1031 4242 claris
1049 4185 1224 4256 Archigymn.
1249 4185 1350 4240 Bouon.

108 4273 295 4342 proicerenl,
314 4274 337 4329 1.
355 4289 380 4342 p.
399 4272 480 4342 271):
509 4271 566 4326 »Ne
593 4271 678 4341 igitur
706 4287 737 4326 cx
763 4271 842 4326 muta
866 4271 1001 4328 rametate
1025 4269 1223 4328 canonnm'aut
1242 4272 1348 4326 diversa

108 4359 264 4416 riderentur
286 4359 399 4414 adversa
424 4362 474 4414 aut
496 4359 571 4414 varia
599 4358 753 4413 riderentur
777 4359 927 4422 centraria,
958 4375 1027 4429 mag.
1048 4356 1194 4414 Gratianus
1211 4357 1349 4413 communi

105 4447 245 4501 consulens
262 4445 380 4501 utilitati
396 4445 529 4515 dispersos
548 4461 661 4501 canonas
681 4445 710 4500 in
735 4461 819 4499 unum
846 4445 974 4516 colligere
998 4449 1042 4514 et,
1068 4445 1092 4500 si
1119 4461 1173 4516 qna
1201 4441 1347 4501 ridebatur

107 4531 195 4588 inesse
210 4531 395 4599 contrarietas,
413 4532 553 4604 proposuit
570 4531 699 4587 coluere«
