3228 4908
60 253 63 256 -
152 216 180 272 S.
198 216 310 286 Conpr.
324 213 916 286 Nep-Eutraard.prop.›12.dan.1890
930 220 959 270 et
970 231 993 271 s.
1009 214 1065 285 Off.
1078 216 1105 271 2.
1117 215 1192 272 Jun.
1208 217 1287 271 1892.
1330 197 1391 264 143

152 407 245 454 unam
269 388 440 454 utilitatem
465 386 495 453 iu
518 386 732 471 praeficiendis
755 386 866 471 populo
886 387 1063 454 Christiano
1084 387 1241 472 ilpismpis
1260 387 1392 471 hposto·

152 495 212 560 lica
236 491 329 560 Sedes
351 493 464 576 ubique
488 511 540 576 per
563 492 665 557 orbem
690 492 826 575 spectet,
860 493 928 557 tum
964 490 995 557 id
1030 493 1162 557 maxime
1190 493 1221 555 in
1251 490 1391 556 Statihns

154 597 329 665 Foederatis
351 597 521 674 Americae,
546 596 598 661 uhi
624 595 724 661 variae
748 614 783 661 ex
808 595 927 678 Europa
950 597 1069 679 gentes,
1093 614 1201 661 nouam
1226 597 1319 660 isthic
1338 616 1391 681 pa·

152 703 243 767 triam
274 701 334 768 sihi
365 701 602 774 constituentes,
635 699 667 764 in
700 718 794 763 unum
830 700 974 783 populum
1008 699 1201 778 coalescunt,
1236 719 1390 784 unnrnqne
1429 684 1432 690 ⁵

150 805 277 890 proinde
300 805 455 870 nationem
479 803 652 869 efformant.

254 909 445 992 Quapropter
466 929 536 975 cum
560 907 773 992 eligendorum
798 907 1016 991 Episcoporum
1046 908 1077 973 iu
1108 907 1249 974 Statihus
1278 910 1390 973 Friede-

149 1015 228 1080 ratis
255 1031 380 1078 normae
411 1014 554 1078 accurate
584 1011 799 1096 sapienterque
830 1009 976 1077 definitae
1004 1013 1169 1078 tradantur
1192 1015 1223 1079 iu
1245 1013 1390 1079 Corrciliis

148 1117 383 1192 Nationalihus‚
413 1135 449 1182 ac
479 1117 658 1200 praesertim
689 1115 720 1180 in
751 1115 887 1182 Concilio
918 1116 1059 1182 Plenario
1092 1117 1305 1183 Baltimorensi
1335 1118 1388 1191 lli.

149 1221 256 1288 sedulo
279 1223 326 1286 est
347 1219 584 1286 incumbendum
607 1222 642 1285 ut
665 1219 767 1285 omnia
790 1220 847 1284 hac
872 1220 901 1283 in
926 1239 958 1285 re
982 1220 1221 1287 submoneantur
1236 1223 1390 1288 cornharia

150 1325 317 1392 molimina.
364 1324 487 1390 Etenim
511 1343 547 1388 ea
576 1322 699 1388 decreta
727 1325 901 1406 temporum
929 1324 1126 1408 locorumque
1155 1327 1390 1391 necessitatibus

150 1429 285 1514 aporime
305 1430 520 1504 censentanea,
542 1426 690 1510 suffragio
713 1431 892 1492 enectorum
913 1427 1004 1494 istius
1026 1429 1154 1495 ditionis
1172 1429 1388 1513 Episcopnrum

150 1535 225 1612 lata,
250 1532 444 1616 Apostolieee
466 1530 554 1597 Sedis
577 1533 763 1596 anctoritate
787 1531 920 1609 firmata,
943 1551 979 1598 ea
994 1533 1129 1617 prolecto
1147 1536 1221 1599 sunt
1234 1554 1313 1618 quse
1331 1553 1388 1599 non

150 1639 291 1719 possent,
327 1636 358 1701 iu
392 1635 581 1718 priuatorum
617 1635 774 1700 hominum
807 1633 961 1719 gratiam,
996 1635 1063 1700 sine
1093 1639 1179 1721 gravi
1210 1636 1390 1722 discipliuae

149 1741 270 1806 iactura
293 1740 463 1824 praeteriri.

255 1844 340 1908 Haec
362 1847 464 1909 tecum
487 1845 711 1908 communicare
734 1843 827 1908 cilicii
850 1843 910 1908 mei
933 1843 1023 1920 duxi,
1056 1846 1091 1908 ut
1121 1847 1277 1912 enasceuti
1309 1847 1390 1912 male

148 1951 320 2026 occuratur,
342 1967 378 2013 ue
401 1947 519 2012 diutius
542 1947 708 2013 adolescat.
751 1946 878 2013 Scilicet
901 1948 1003 2028 velim,
1027 1951 1062 2012 ut
1084 1948 1185 2014 clerus
1208 1967 1244 2014 ue
1259 1951 1389 2035 populus

147 2053 180 2117 iu
205 2069 386 2136 urnaquaque
411 2051 548 2118 Dioecesi
571 2051 602 2116 in
626 2050 733 2134 primis
757 2054 919 2117 moueatur
948 2053 987 2118 de
1016 2050 1145 2117 dolendo
1169 2052 1265 2132 exitu,
1298 2073 1387 2136 quem

148 2156 325 2222 huiusmodi
348 2157 558 2226 contentiones
582 2155 711 2234 hahent,
743 2173 802 2220 nou
831 2155 899 2220 ideo
931 2155 1030 2220 solum
1058 2155 1139 2239 qnod
1162 2155 1298 2222 debitum
1322 2159 1388 2223 ani·

148 2277 267 2325 morum
291 2257 482 2326 concordiam
506 2257 720 2342 disrumpunt,
751 2261 784 2324 et
805 2259 1033 2325 ecclesiastieae
1056 2258 1237 2343 disciplinae
1256 2260 1389 2328 firmitu-

145 2365 211 2429 tem
234 2363 350 2442 laxant,
373 2361 425 2427 sed
450 2362 546 2427 etiam
569 2363 649 2446 qued
672 2363 747 2446 ipsis
770 2363 952 2429 acatholicis
974 2363 1005 2427 iu
1034 2361 1230 2429 offensionem
1251 2368 1283 2430 et
1300 2385 1388 2431 scan-

146 2466 253 2532 dalum
277 2465 399 2534 cedunt.
438 2465 516 2532 Tum
541 2467 635 2531 etiam
659 2465 690 2533 S.
714 2463 970 2550 Congregatienis
1006 2466 1127 2532 nemine
1158 2467 1260 2551 pelam
1289 2470 1388 2553 signi·

146 2569 241 2636 licent
263 2569 404 2654 Episcopi
426 2571 543 2636 frustra
567 2589 689 2654 prorsus
713 2588 749 2634 ea
771 2569 905 2653 agitari,
933 2589 1010 2654 quae
1034 2573 1155 2652 praeter
1182 2570 1386 2638 Concilinrum

146 2676 338 2760 praescripta
361 2678 557 2759 peraguntur,
580 2693 649 2739 cnm
674 2673 851 2757 Apostolieu
872 2672 966 2739 Sedes
991 2673 1068 2739 nihil
1092 2675 1207 2740 habeut
1229 2676 1387 2760 antiquius

143 2798 241 2864 quum
263 2778 442 2844 firmitatem
466 2777 546 2844 tueri
569 2777 795 2846 ecclesiasticae
819 2778 908 2861 legis,
931 2796 1008 2860 quae
1033 2778 1139 2844 vindex
1161 2781 1209 2846 est
1224 2779 1340 2846 ordinis
1355 2785 1388 2846 et

144 2882 314 2949 munimem
340 2882 433 2966 pacis.

250 2985 380 3052 iuterim
406 2983 504 3050 Deum
528 3002 644 3069 precor,
668 2984 704 3050 ut
725 2983 769 3049 Te
790 2981 965 3050 diutissime
987 2985 1126 3070 sospitet.

252 3088 368 3155 Datum
404 3089 519 3154 Rerum
559 3107 595 3154 ex
636 3088 713 3154 ded.
751 3087 782 3156 S.
817 3089 912 3173 (teng.
946 3089 1168 3174 Propagsudae
1210 3091 1295 3156 hilei
1337 3093 1386 3156 die

145 3194 199 3258 15.
224 3193 298 3258 Maii
325 3191 416 3260 1892.

250 3297 475 3381 amplitudinis
495 3296 579 3362 Tuae

577 3400 818 3466 addictissimus
840 3401 952 3468 Servus

543 3503 731 3571 Miecislaue
753 3503 843 3572 (laud.
868 3505 1107 3590 Leddehawslry,
1131 3504 1320 3572 Praefectus.
1356 3553 1358 3558 -

524 3607 714 3692 †Ipnutias
736 3610 884 3692 Arahiep.
910 3609 939 3674 ’.Γ
937 3609 1106 3682 amiathen.
1130 3607 1330 3676 Secretarius.

144 3765 186 3832 G.
214 3763 348 3831 Decreta
368 3785 394 3832 3.
421 3763 531 3847 Genpr.
554 3763 698 3847 Nepetiis
719 3763 953 3830 Ecclesiastieie
979 3764 1247 3832 extraordinariis
1269 3788 1384 3850 propa-

276 3870 356 3935 sanc
376 3868 408 3934 d.
432 3873 483 3935 12.
506 3873 584 3932 dan.
608 3871 696 3934 1890
714 3873 742 3933 et
759 3888 785 3935 s.
808 3866 916 3950 Officii
936 3867 966 3932 d.
990 3873 1021 3934 2.
1045 3867 1141 3935 danii
1164 3874 1254 3936 1892

143 3985 183 4038 de
201 3985 416 4036 matrimoniis
433 3980 680 4034 ncruthoticoram
696 3994 752 4034 nec
763 3995 829 4034 nen
848 3981 885 4035 de
896 3984 1109 4036 matrimoniis
1124 3984 1217 4037 mirati
1229 3985 1265 4036 in
1277 3974 1385 4037 irrsala

443 4065 600 4120 Melitensi
619 4067 839 4120 contrahendis
859 4072 887 4120 et
906 4069 1085 4122 contractis.

378 4179 447 4246 (Ans
466 4176 525 4232 dem
544 4175 742 4232 Pastoralblatt
760 4176 803 4232 ihr
820 4173 865 4232 die
885 4175 1040 4234 Erudiieese
1060 4177 1151 4248 Kale.)

249 4299 427 4354 Bekuuutlich
452 4297 580 4356 existineu
604 4297 651 4352 ihr
675 4298 787 4354 manche
806 4299 910 4354 Lindon
929 4298 1164 4370 Entscheidungen
1183 4298 1230 4354 des
1250 4299 1385 4368 Apostoli·

141 4385 223 4440 schen
243 4385 352 4440 Stuhles
380 4381 562 4439 hinsichtlich'
582 4383 629 4439 der
656 4383 812 4454 Ghltigkeit
837 4384 885 4440 der
911 4385 1117 4442 chatholisehen
1143 4384 1197 4440 und
1216 4385 1384 4456 gemischten

142 4471 226 4532 Eheu,
249 4471 347 4526 welche
365 4473 434 4525 ohne
453 4470 647 4540 Beohschtung
659 4471 706 4527 der
719 4471 954 4528 Tridentinischen
968 4473 1056 4537 Form,
1075 4473 1132 4528 also
1145 4471 1220 4529 nicht
1237 4474 1264 4529 iu
1278 4473 1385 4543 ergen-

142 4562 209 4612 nmrt
229 4557 276 4611 des
295 4558 425 4627 parochus
444 4559 567 4626 proprius
585 4559 639 4613 und
657 4558 750 4614 useler
763 4557 869 4629 Zeugen
885 4563 1072 4631 eingegungen
1087 4559 1191 4616 werden
1206 4561 1250 4631 (cl.
1262 4557 1386 4616 Turnetsi
