3168 4898
183 189 186 194 '
316 182 361 240 De
379 183 533 256 erectione
550 182 728 238 vicariatus
748 177 1002 252 Bodupeotienaie
1020 173 1127 248 (1892).
1277 149 1340 222 323

203 358 228 423 E
251 356 450 441 dispositione
476 355 556 441 juris
586 353 723 420 canonici
748 373 836 438 porro
860 352 1002 420 llicarius
1024 350 1186 418 Generalis
1209 347 1341 415 residere

97 463 194 529 debet
221 461 254 527 iu
286 460 413 527 civitate
445 459 624 526 cathedrali
647 461 679 525 et
701 457 728 524 si
752 459 853 543 plures
875 456 1015 524 Vicarios
1037 455 1204 523 Generules
1227 453 1341 521 consti·

95 569 201 634 tuerat
224 566 392 651 Episcopus
414 583 519 630 omnes
540 565 571 628 in
593 563 671 644 loco,
695 564 727 628 in
743 582 803 647 quo
818 561 927 628 Sedem
950 563 1044 626 lrabet
1060 559 1340 644 drobi-Episcopus

100 670 149 736 vel
174 670 340 754 Episcopus
367 668 515 735 constitui
544 667 699 735 deberent.
746 668 795 734 lta
826 666 915 733 docet
946 666 1082 750 Pirbr'np
1095 664 1121 750 ¹)
1153 664 1341 748 »Episcopus

99 795 159 841 nou
183 777 307 842 tontum
331 792 444 852 unum,
475 772 528 838 sed
560 771 653 838 etiarn
678 770 781 856 plures
807 771 944 836 Vicarios
967 768 1151 854 principales
1173 787 1227 834 seu
1247 785 1341 853 geue·

98 880 191 959 ralos,
216 897 327 964 eosque
350 897 420 944 cum
445 876 657 961 iurisdictione
679 897 715 942 ac
739 877 875 960 potetate
898 875 930 940 in
953 873 1086 941 solidum
1109 868 1248 957 singulos
1269 891 1340 938 con·

97 985 229 1051 stituere
250 984 361 1068 potest,
384 1001 444 1066 quo
468 980 589 1047 facilius
611 981 737 1065 negotia
754 981 965 1064 expedientur,
988 977 1154 1043 dummodo
1169 978 1275 1042 tamen
1291 994 1341 1041 eos

97 1088 269 1154 constituat
291 1086 323 1151 in
346 1087 430 1162 loco,
460 1085 511 1151 ubi
542 1085 651 1150 Sedem
683 1085 778 1150 habet
801 1085 984 1168 Episcopus,
1013 1081 1166 1168 generalis
1197 1080 1278 1146 enim
1309 1083 1341 1146 et

99 1191 280 1277 principalis
304 1189 444 1256 vicarius
466 1189 581 1256 dicitur
604 1189 674 1270 ille,
709 1189 762 1273 qui
791 1188 979 1254 constitutos
1006 1188 1071 1265 est,
1105 1205 1174 1252 cum
1203 1184 1340 1270 generali

98 1297 253 1380 potestate
286 1294 324 1360 ad
354 1293 459 1360 omnia
488 1293 552 1358 eive
579 1297 677 1360 totsnr
703 1293 873 1360 Dioccesim
895 1293 927 1358 et
948 1291 987 1356 ad
1009 1290 1243 1356 universitatem
1269 1276 1341 1354 cau-

98 1420 204 1466 sarum
228 1399 259 1464 in
283 1397 411 1480 civitate
433 1397 635 1463 cathedrali«
684 1398 724 1462 Et
750 1397 929 1480 Marspied:
960 1396 1094 1461 »Omnes
1122 1393 1261 1460 doctores
1285 1411 1339 1457 uo·

95 1505 177 1582 tant,
200 1502 279 1590 quod
304 1502 472 1586 Episcopus
491 1501 648 1568 Vicerium
672 1501 854 1567 seuerslem
876 1500 1064 1568 constituere
1079 1497 1172 1564 debet
1186 1498 1217 1562 in
1233 1497 1339 1562 eodem

96 1611 179 1686 loco,
205 1608 258 1674 ubi
281 1607 384 1673 sedem
409 1606 521 1686 habet,
544 1606 618 1690 quia
639 1606 722 1672 idem
744 1605 881 1672 tribunal
904 1603 1018 1670 hebeat
1040 1623 1110 1668 cum
1133 1601 1268 1687 episcopi
1288 1599 1340 1684 qui

95 1713 186 1798 juxta
214 1715 349 1777 mentem
373 1710 452 1776 sacri
483 1710 612 1778 Ooucilii
645 1709 818 1777 Tridentini
850 1710 883 1775 iu
914 1711 981 1775 eius
1006 1707 1095 1774 modo
1117 1709 1173 1773 eut
1195 1708 1340 1773 consueto

95 1816 249 1883 tribunali
271 1815 434 1900 procedere
457 1816 649 1898 teuetur’t«

143 2019 145 2024 Ι
203 1938 261 2003 His
287 1936 367 2023 juris
398 1935 650 2022 dispositionibus
674 1955 746 2021 prae
767 1936 865 2003 oeulis
888 1935 1022 2014 habitis,
1049 1935 1260 2019 quaestionem
1285 1933 1339 1997 lli·

96 2042 273 2108 curiatuum
295 2041 327 2108 iu
351 2042 445 2108 hacce
469 2040 721 2108 Archi-Dioecesi
743 2041 790 2107 ita
809 2040 1000 2117 coordinari,
1030 2042 1065 2104 ut
1089 2057 1167 2104 unus
1189 2038 1232 2104 sit
1253 2037 1340 2102 dein·

96 2166 170 2230 ceps
201 2146 343 2212 vicarius
372 2146 532 2212 Generalis
565 2165 619 2229 pro
649 2147 718 2212 tota
742 2143 1016 2221 drobi-Dioecesi,
1051 2143 1111 2208 duo
1135 2160 1203 2208 vero
1227 2141 1340 2207 Archi·

98 2251 296 2336 Episcopelos
315 2253 347 2316 et
368 2250 492 2335 quidem
518 2268 596 2316 uuus
619 2270 674 2333 pro
696 2250 847 2315 Distriotn
866 2248 1013 2313 Vioariali
1031 2246 1236 2324 Tiruariensi,
1260 2245 1340 2312 alter

97 2373 154 2438 pro
178 2354 330 2420 Distriotn
355 2354 501 2420 Vioariali
529 2353 775 2438 Budapestiensi.
825 2353 994 2419 Exoratum
1018 2350 1148 2436 desuper
1172 2351 1337 2417 documen·

97 2461 166 2524 tum
190 2461 280 2524 sonat
302 2463 393 2543 prout
414 2458 572 2544 sequitur:
712 2467 717 2480 '

203 2581 370 2647 Memoriae
392 2581 644 2646 commendamus
673 2582 776 2646 tenore
803 2578 1010 2663 praesentium
1033 2578 1248 2663 significantes
1270 2577 1338 2660 qui·

95 2685 156 2749 bus
188 2685 304 2768 expetit
327 2685 493 2762 universis,
527 2684 607 2770 quod
641 2684 706 2751 Nos
740 2683 836 2750 saluti
868 2683 1024 2749 commissi
1059 2682 1155 2749 Nobis
1189 2681 1339 2747 divinitus

95 2789 203 2874 gregis
229 2789 380 2855 Dominici
403 2789 536 2872 amplius
558 2791 729 2873 prospicere
752 2787 926 2873 cupientes,
951 2790 1091 2872 respectu
1115 2786 1222 2852 habito
1245 2783 1338 2850 simul

96 2893 138 2958 ad
170 2893 375 2978 indigentias,
416 2912 493 2979 quas
534 2895 655 2958 mutata
685 2893 752 2959 aori
783 2892 879 2958 nostri
913 2892 1061 2957 adiuncta
1090 2911 1194 2959 secum
1225 2891 1338 2967 lerunt,

97 2999 202 3064 animo
231 2996 434 3064 statuerimus
460 3017 583 3064 normas
612 2997 755 3083 guberuii
788 2997 966 3064 Dioeoessui
998 2997 1045 3062 ita
1075 2995 1271 3070 reordinare,
1304 2995 1338 3058 nt

96 3102 171 3167 illae
193 3103 226 3167 et
247 3101 458 3167 sanctionibus
484 3120 640 3168 sacrorum
671 3121 823 3169 canonum
854 3104 886 3167 et
915 3101 1101 3186 specialibus
1133 3099 1338 3166 Archi-Dioc-

96 3205 175 3271 cesis
204 3205 424 3292 strigoniensis
457 3207 702 3272 circumstantiis
736 3207 991 3290 correspondoant
1026 3208 1057 3272 et
1088 3208 1123 3273 ut
1158 3207 1278 3270 statuta
1307 3206 1340 3269 et

96 3314 279 3376 conservata
315 3311 347 3376 iu
382 3310 532 3396 gubernio
572 3310 846 3377 Archi-Dioecesis
883 3309 1103 3394 strigoniensis
1137 3310 1274 3386 unitate,
1306 3308 1338 3373 in

97 3414 190 3480 huius
220 3415 460 3481 emolumenturn
491 3417 523 3480 et
556 3433 662 3480 sacrae
691 3414 804 3480 Matris
835 3414 992 3480 Ecclesiae
1023 3414 1192 3480 utilitatem
1217 3414 1339 3478 cedant.

97 3519 166 3585 Hac
189 3519 227 3584 de
249 3539 343 3586 causa
363 3519 429 3604 jam
452 3521 535 3598 tuno,
560 3517 683 3604 quando
704 3517 914 3603 gubernacula
932 3517 1236 3601 Archi-Episcopalis
1250 3516 1339 3582 Sedis

96 3620 318 3707 strigoniensis
342 3623 579 3705 commisimus,
611 3642 707 3708 qrrum
729 3621 879 3706 comperti
902 3621 1068 3700 fuerimus,
1099 3620 1178 3705 qnod
1200 3621 1266 3686 tem
1288 3640 1339 3687 oo-

95 3727 217 3810 piosum
240 3745 367 3811 gregem
393 3727 517 3792 Domini
539 3726 726 3811 pascendum
751 3725 977 3810 acceperimus,
1010 3728 1103 3809 atque
1133 3723 1339 3809 insuperque

98 3830 313 3914 Metropolitae
332 3834 363 3897 et
386 3831 515 3896 Primati
540 3831 639 3915 Ragui
663 3830 845 3920 Huugariac
866 3849 957 3898 curae
973 3836 1005 3895 et
1024 3829 1250 3896 sollicitudines
1275 3828 1340 3894 No-

97 3933 146 3999 bis
167 3935 349 4000 iucumbent
371 3955 463 4020 quam
489 3935 640 4018 plurimae
664 3939 696 4000 et
718 3934 938 4020 gravissimae,
970 3932 1110 4019 quemvis
1139 3933 1281 3999 omuibus
1304 3953 1339 3999 er

98 4037 200 4104 animo
223 4039 326 4104 omnia
350 4059 415 4106 esse
440 4039 598 4118 vellemus,
620 4038 823 4104 nihilomiuus
846 4058 883 4106 ne
906 4039 944 4105 ob
962 4039 1058 4123 ipsius
1074 4038 1211 4104 muneris
1227 4036 1337 4121 ampli·

97 4142 237 4209 tudinem
269 4144 456 4229 agendorum
485 4143 621 4228 copiam,
659 4141 817 4228 ipsiusque
852 4147 915 4209 tam
949 4143 1033 4208 latae
1067 4141 1339 4208 Archi-Dioecesis

96 4247 304 4316 extensionem
327 4249 411 4314 salus
434 4251 626 4326 animarum,
659 4266 738 4333 quae
769 4266 912 4331 suprema
941 4248 989 4314 lex
1016 4266 1083 4313 esse
1108 4245 1214 4326 debet,
1242 4245 1338 4312 detri-

202 4457 228 4528 1)
246 4458 295 4514 Jns
314 4475 371 4514 carr.
390 4456 450 4513 Lib.
469 4458 491 4513 1.
512 4457 567 4512 Tit.
586 4455 716 4512 xxvnl.
733 4455 805 4513 sect.
826 4457 848 4512 l.
869 4459 899 4512 P.
919 4457 941 4512 l.
961 4475 985 4511 n.
1005 4455 1104 4512 xxix.

201 4543 228 4614 2)
246 4543 320 4601 luris
339 4560 398 4600 cau.
419 4543 558 4616 compend.
577 4543 617 4602 ed.
636 4545 729 4616 lligae
746 4543 777 4606 Τ.
793 4543 815 4601 Ι.
837 4545 876 4602 19.
895 4541 953 4600 792.
1007 4553 1010 4559 ·
