3168 4898
260 135 325 206 32⁴
368 165 466 225 ailitem
478 165 554 224 uter
563 151 613 222 dle
625 163 815 236 Erricbturvp
825 165 909 222 elaea
922 165 1001 222 crab.
1013 163 1212 222 vicarietate
1223 163 1385 236 Barasasa
1396 164 1489 226 (1892).

261 342 400 405 meatum
438 337 592 421 patiatur,
636 336 841 404 necessariam
879 338 1125 404 existimavimus
1159 339 1190 404 ia
1231 337 1491 404 administratione

261 443 596 527 brebi-Episcopatus,
619 460 710 526 quem
734 441 956 510 Sanctissimae
980 444 1130 509 Dominus
1152 443 1266 510 Noster
1290 441 1493 508 imbecillitati

261 549 392 614 Nostrae
414 545 670 630 superimposuit,
696 546 833 613 vicarios
852 547 978 614 idoneos
1002 547 1169 625 advocare,
1200 549 1253 632 qai
1284 551 1407 630 partem
1437 547 1493 611 sol·

260 651 431 718 licitadiuia
454 651 484 716 in
507 669 541 716 se
564 650 763 728 assumeado,
794 652 911 734 pondus
941 671 1001 735 quo
1029 652 1112 718 altra
1138 652 1218 718 vires
1241 653 1433 735 premimur,
1457 651 1496 716 al·

260 757 384 824 levient.
431 756 498 821 Hac
526 754 564 819 de
594 773 689 820 eausa
716 757 878 839 sequentes
908 757 1003 822 eiiam
1027 755 1292 839 praedecessorum
1318 757 1496 822 Nostrorum

260 861 408 945 exempla,
431 860 506 924 duos
532 858 668 926 Vioarios
692 857 858 925 Gerrerales
878 861 1106 938 constituimus,
1131 859 1379 944 Strigonicnsem
1399 880 1496 931 unam,

261 965 493 1030 Timavieusom
517 963 660 1040 alteram,
683 967 774 1046 prout
798 964 827 1028 id
852 965 889 1029 ed
909 965 1050 1030 notitiam
1068 964 1150 1030 Cleri
1169 964 1275 1030 Nostri
1293 969 1391 1048 atque
1406 963 1499 1028 tidelis

260 1070 365 1154 populi
389 1069 490 1134 medio
514 1067 771 1134 Dioecesuaaram
795 1069 970 1134 litterarum
995 1070 1053 1134 sub
1076 1069 1131 1134 Nr.
1150 1069 1213 1133 elo
1240 1069 1317 1134 ddto
1336 1069 1434 1134 12·ae
1451 1068 1500 1132 lie

260 1173 376 1238 bruurii
400 1172 473 1238 anni
497 1173 580 1238 1892
604 1172 799 1254 pertulimus.

363 1277 464 1358 Quam
496 1278 601 1342 tamea
636 1278 739 1342 votum
771 1281 803 1342 et
833 1277 1019 1342 desiderium
1050 1277 1240 1360 copiosorum
1274 1276 1416 1342 fideliam
1444 1277 1500 1342 No·

259 1385 394 1449 strorum
427 1381 597 1448 Civitatem
626 1380 900 1464 Metropolitanum
931 1384 963 1446 et
993 1381 1223 1448 residentialem
1256 1382 1501 1464 Budapestiaam

260 1486 479 1563 incolentium,
512 1489 546 1549 ut
571 1503 623 1567 pro
646 1488 734 1569 parte
756 1485 891 1568 ipsoram
915 1503 1034 1569 quoque
1056 1486 1198 1568 specialis
1220 1487 1367 1552 vicarius
1393 1487 1500 1550 Arabi-

262 1590 460 1674 llpiscopalis,
482 1590 534 1674 qui
559 1589 760 1673 Budapestini
777 1589 933 1668 resideret,
956 1590 1172 1668 constituatur,
1194 1591 1314 1672 justam
1330 1607 1502 1673 aequumve

262 1713 512 1779 agnosceremus,
545 1693 670 1777 iusuper
700 1693 870 1760 altissimae
893 1695 1045 1760 voluntati
1068 1693 1149 1760 Suae
1172 1713 1249 1760 caes.
1275 1696 1306 1760 et
1328 1713 1398 1777 reg.
1426 1697 1501 1776 Apo

260 1800 387 1864 stolieae
410 1798 602 1876 Maiestatis,
634 1797 746 1862 similis
770 1798 944 1864 Vicariatas
972 1799 1155 1864 erectionem
1179 1817 1275 1882 aeque
1297 1796 1501 1864 desiderantis

261 1923 296 1968 eo
319 1902 491 1986 pronuntias
515 1921 551 1967 ao
574 1902 720 1967 libentius
753 1902 879 1987 obsequi
910 1903 1084 1986 capientes,
1115 1923 1209 1988 quarn
1242 1905 1274 1966 et
1306 1903 1378 1984 ipsa
1414 1900 1501 1967 Saum

259 2006 353 2072 Sedes
378 2006 557 2090 Apostolice
577 2006 738 2071 consilium
761 2007 854 2072 hocce
877 2007 992 2072 iustum
1018 2010 1157 2072 retamve
1180 2006 1336 2084 babuerit,
1362 2007 1431 2071 imo
1454 2025 1500 2088 ap

260 2111 448 2196 probaverit,
481 2111 614 2193 expetito
643 2111 727 2194 prius
756 2112 789 2176 et
818 2113 942 2194 accepto
969 2130 1117 2176 consensa
1148 2113 1180 2176 et
1212 2115 1282 2176 voto
1306 2109 1501 2176 Venerabilis

262 2215 397 2299 Capituli
421 2215 575 2280 Ecclesiae
600 2215 729 2280 Nostrae
750 2214 1007 2298 Metropolitaaae
1030 2215 1261 2298 strigoniensis,
1284 2215 1459 2280 statuimus
1474 2217 1502 2277 et

260 2320 452 2385 decrevimus
475 2319 638 2404 specialem
663 2338 716 2402 pro
739 2319 864 2384 civitate
883 2319 1120 2402 Metropolitum
1141 2323 1173 2384 et
1189 2318 1382 2384 residentiali
1403 2318 1500 2383 Badu-

262 2423 406 2506 pestiensi
432 2423 576 2506 illiusque
607 2421 751 2488 districta
778 2422 1142 2488 Vico-Archi-Diaconali
1164 2423 1357 2488 Vicariatam
1383 2423 1500 2506 erigere

258 2531 290 2592 et
313 2545 431 2593 sacram
456 2527 559 2592 sedem
582 2526 825 2592 consistorialem
843 2530 874 2592 et
891 2527 1041 2592 iudicium
1060 2526 1284 2592 matrimoniale
1301 2528 1500 2591 constituere.

259 2632 306 2698 No
331 2633 434 2696 autern
460 2651 511 2714 per
532 2631 717 2696 erectionem
740 2629 831 2696 haias
850 2631 1025 2696 vicariatus
1047 2632 1148 2696 rectae
1173 2630 1460 2695 administrationis
1474 2636 1501 2692 et

258 2734 491 2820 gubernationis
513 2735 586 2800 ordo
611 2736 806 2818 pervertatur
829 2736 876 2813 et,
909 2735 990 2819 qaod
1014 2735 1095 2800 Deus
1115 2735 1253 2812 avertat,
1279 2735 1360 2799 inter
1385 2733 1498 2800 consti·

258 2839 405 2904 tuendum
442 2859 496 2903 sea
525 2837 755 2905 constituendos
792 2837 928 2903 Vicerios
965 2839 1092 2904 Nostros
1126 2839 1163 2903 ob
1192 2837 1371 2903 exercitium
1409 2838 1498 2904 iuris-

258 2943 401 3008 dictionis
425 2943 633 3008 contentiones
659 2945 690 3008 et
715 2943 892 3008 simultates
916 2943 1068 3022 oriantur,
1105 2961 1180 3008 neve
1210 2944 1321 3008 erectio
1354 2946 1387 3006 et
1419 2960 1499 3007 coor-

258 3047 375 3112 dinatio
403 3047 575 3112 vicariatus
598 3047 689 3112 latrias
711 3047 740 3111 in
762 3049 924 3114 canonicas
944 3047 1099 3132 impingat
1114 3047 1297 3126 sanctiones,
1319 3047 1499 3131 priusquam

258 3150 295 3215 ad
320 3151 499 3234 erigendam
525 3152 640 3216 irancee
659 3151 850 3217 vicariatum
874 3151 1116 3235 procederemus,
1140 3151 1169 3216 vi
1186 3151 1389 3234 competentis
1406 3151 1500 3216 Nobis

257 3273 312 3319 cea
338 3255 599 3338 Archi-Episcopo
623 3255 713 3320 buius
738 3255 1007 3321 brolii-Diocaesis
1026 3255 1246 3340 strigoniensis
1268 3255 1344 3320 iaris
1364 3255 1498 3338 ipsoram

256 3357 473 3443 erigendorum
496 3379 549 3424 sca
574 3362 634 3423 ium
661 3361 832 3424 erectorum
860 3359 1072 3426 Vicariataanr
1096 3359 1291 3424 Generaliam
1315 3359 1362 3423 vel
1388 3358 1499 3423 Arubi-

257 3462 482 3546 llpiscopaiiunr
516 3463 555 3528 ad
587 3463 719 3529 invicem
757 3463 935 3528 relationem
975 3483 1028 3528 seu
1064 3463 1322 3529 coordinationem
1358 3463 1497 3529 stabilire

258 3569 397 3650 cupimus
419 3569 450 3633 et
474 3568 623 3635 volumus.

361 3671 462 3752 Quum
485 3671 623 3757 itaquae
639 3691 678 3740 ss.
696 3690 848 3738 canonum
866 3671 1067 3755 dispositione
1085 3673 1352 3758 Archi-Episcopo
1368 3676 1496 3740 liberam

256 3773 299 3838 sit
315 3775 345 3838 in
361 3774 658 3842 administrationem
672 3774 943 3842 Archi-Dioecesis
958 3776 1115 3842 vicarium
1131 3775 1315 3844 Generalem
1332 3798 1495 3850 assumere,

257 3879 321 3944 Nos
343 3878 428 3944 salvo
450 3879 633 3945 Nostrorum
664 3880 695 3944 iu
725 3879 1023 3964 Archisbpisoopatu
1052 3879 1256 3966 Strigoaieasi
1286 3900 1494 3948 successuram

256 3982 331 4061 iure,
355 4003 371 4048 e
394 3987 481 4068 parte
505 3983 620 4051 Nostra
642 4002 735 4068 opera
751 3984 867 4050 Vitarii
884 3985 1044 4050 Generalis
1067 3986 1099 4050 in
1122 3985 1369 4052 administranda
1387 3985 1493 4050 Arcti·

257 4087 397 4152 Dioeeesi
419 4106 508 4172 porro
529 4106 650 4174 quoque
673 4091 718 4154 ati
742 4089 893 4155 volumus.
933 4089 1074 4155 Vicariua
1099 4090 1211 4156 Noster
1234 4089 1394 4156 Generalis
1418 4088 1493 4156 Stri-

256 4192 357 4276 gonii,
389 4191 420 4258 ia
454 4192 520 4258 loco
552 4193 634 4259 sedis
665 4192 986 4278 Archi-lipisoopalis,
1017 4195 1259 4261 commorabitur
1286 4197 1318 4259 et
1342 4193 1493 4268 residebit,

257 4296 471 4380 exercebitque
502 4295 746 4362 iurisdictionem
791 4297 965 4380 generalem
1002 4297 1040 4362 ad
1076 4300 1175 4364 totam
1214 4297 1491 4364 Arcti-Dioeecsim

258 4395 499 4478 strigoniensem
530 4401 686 4465 extensam
720 4402 751 4465 et
781 4419 886 4466 omnes
917 4419 1043 4480 causas,
1074 4419 1152 4486 quae
1183 4402 1224 4468 ad
1250 4401 1489 4487 jurisdictionem

260 4499 583 4584 Arabi-Episcopalem
612 4501 797 4569 ordinariam
830 4505 894 4570 tam
916 4505 1123 4572 voluntariam
1146 4526 1240 4590 quam
1262 4505 1490 4579 contentiosam,
1566 4497 1567 4516 ³
