3228 4908
337 224 367 281 S.
389 222 499 297 Coapr.
519 224 579 282 Bit.
598 227 683 281 circa
705 237 936 294 campanorum
952 221 1206 278 benedictiorem.
1332 199 1395 268 ¹23

258 399 307 466 Ps.
332 399 384 466 66.
419 399 502 465 Deus
524 397 708 464 misereatur
730 397 826 462 nostri
851 447 858 463 .
883 450 890 464 .
915 449 923 465 .

259 504 307 570 Ps.
332 504 384 570 69.
423 501 506 570 Deus
529 502 561 567 in
584 501 773 569 adiutorium
798 521 899 568 meum
922 501 1078 569 intende.
1103 551 1111 568 .
1135 552 1143 569 .

260 608 307 673 Ps.
333 609 385 674 85.
419 607 539 674 Inclina
562 607 693 674 Domine
716 625 822 672 aurern
845 610 931 672 tuam
955 657 963 672 .
985 659 992 674 .
1015 657 1023 673 .

259 713 307 781 Pe.
337 713 406 779 129.
442 709 488 779 Dc
511 711 671 797 profundis
690 710 822 777 clamari
843 765 849 778 .
874 760 882 776 .
905 760 912 775 .

259 813 296 895 ti.
322 817 417 902 Kyrie
437 815 563 884 eleison.

255 921 295 1008 Bp
320 921 444 988 Christe
466 921 591 988 eleison.

255 1025 295 1104 ti.
324 1026 420 1113 Kyrie
443 1026 567 1094 cleison.

258 1131 352 1196 Pater
373 1133 478 1198 noster
500 1131 652 1214 (secreto).

254 1233 295 1313 ii.
320 1237 362 1302 si
384 1255 421 1302 ne
444 1255 499 1302 nos
522 1235 649 1301 inducas
672 1236 703 1300 in
725 1235 940 1300 tentationem.

252 1341 295 1428 Rp
320 1339 379 1405 Sed
402 1341 501 1406 libers
524 1359 578 1407 nos
597 1360 616 1406 a
640 1340 730 1406 malo.

256 1443 297 1522 ti.
321 1443 368 1510 Sit
391 1464 499 1511 nomen
525 1444 648 1510 Domini
670 1443 875 1511 benedictum.

256 1549 296 1636 It.
321 1549 365 1614 Itu
388 1549 446 1615 boc
468 1568 548 1614 nuno
566 1551 599 1616 et
622 1548 770 1633 usquein
793 1548 961 1614 sacculum.

257 1652 298 1731 ti.
324 1653 453 1720 Domine
472 1653 581 1720 exaudi
602 1654 772 1721 orationem
797 1673 907 1720 msam.

257 1757 296 1845 lt.
323 1759 362 1824 ut
382 1759 498 1825 elamor
519 1777 605 1825 meus
628 1757 667 1824 ad
689 1762 721 1825 to
744 1757 857 1826 veniat.

257 1861 298 1940 ti.
325 1861 473 1929 Dominus
493 1863 660 1930 vobiscum.

256 1966 297 2053 it.
324 1967 364 2033 si
382 1986 454 2034 eum
474 1967 587 2052 spiritu
608 1969 673 2034 tuo.

673 2142 867 2212 Oramus.

256 2278 455 2364 Omnipotens
477 2282 663 2367 sempiterne
687 2281 786 2360 Deus,
819 2281 873 2366 qui
902 2300 1004 2346 rerum
1034 2280 1171 2346 omnium
1203 2295 1327 2342 cursum
1359 2276 1392 2340 in

154 2383 268 2450 mundo
296 2385 445 2452 ineffabili
476 2386 629 2471 sapientia
655 2385 852 2470 disposuisti:
883 2386 1007 2469 praesta
1036 2401 1239 2469 quaesumus,
1268 2384 1303 2447 ut
1335 2380 1392 2447 boe

153 2488 312 2556 vasculum
347 2489 386 2556 ad
421 2491 577 2558 actionum
613 2492 724 2556 seriem
753 2489 953 2556 indicandam
989 2489 1196 2568 destinatum,
1226 2489 1299 2552 tuae
1334 2486 1391 2552 bs·

153 2593 356 2678 ne†dictionis
378 2613 445 2660 rore
467 2594 643 2679 perfundas,
665 2613 725 2680 qno
748 2597 859 2661 cuncta
881 2595 967 2660 iuste
988 2594 1125 2660 ordinem
1142 2591 1227 2670 flant,
1251 2594 1284 2656 st
1299 2611 1390 2676 quae

150 2697 198 2762 vis
218 2696 289 2763 inde
311 2697 440 2782 maligni
464 2699 591 2783 spiritus
615 2699 806 2784 perturbatio
828 2700 986 2766 arceatur.
1020 2699 1079 2764 Per
1100 2697 1265 2762 Dominum
1290 2748 1296 2764 .
1319 2745 1326 2761 .
1351 2747 1359 2764 .

258 2801 347 2868 Nune
369 2801 518 2870 Oifioians
542 2803 627 2888 ponit
649 2805 808 2871 incensum
832 2804 864 2870 in
886 2801 1080 2871 thuribulum
1104 2804 1137 2868 ot
1160 2800 1331 2880 benedicit,
1361 2802 1393 2868 ct

153 2906 286 2991 primurn
310 2908 449 2992 aspergit
471 2909 688 2975 circumeundo
711 2927 904 2994 campanam,
930 2908 1023 2975 choro
1044 2907 1184 2974 dicento:

259 3009 431 3095 Dirigatur‚
456 3011 594 3093 Domine,
618 3014 716 3081 oratio
731 3033 809 3091 mea,
830 3014 913 3080 siout
927 3014 1085 3080 incensum
1102 3012 1134 3077 in
1150 3011 1314 3095 conspectu
1327 3012 1391 3077 tuo.

256 3116 336 3181 'rum
353 3117 502 3200 producto
516 3117 664 3186 Oificians
680 3137 771 3203 super
786 3117 974 3204 Campanam
991 3117 1114 3203 signnm
1129 3116 1239 3195 erneis,
1260 3115 1392 3181 discedit

152 3239 222 3287 cum
247 3219 409 3288 Ministris.

662 3368 693 3431 3.
738 3363 881 3434 macen.

438 3511 542 3567 Dubia
562 3516 654 3568 ucria
671 3517 756 3570 otroa
774 3514 1018 3584 unimammas
1036 3519 1091 3570 erc.

228 3639 353 3716 ,timue
377 3639 463 3707 Dnns
486 3641 667 3710 Francisous
691 3643 791 3710 Maria
814 3645 1029 3729 Doppslbaner
1055 3643 1223 3730 Episcopus
1255 3643 1390 3709 bincien.

150 3741 262 3809 Sacrae
287 3744 415 3810 Ritunm
437 3743 677 3831 congregationi
706 3749 867 3833 sequentia
895 3748 998 3814 Dubis
1024 3767 1078 3833 pro
1108 3750 1280 3834 opportuna
1307 3767 1390 3814 reso·

151 3847 269 3914 tutione
292 3847 466 3916 humillime
488 3851 628 3931 subiecit,
653 3852 819 3920 nimirum:

258 3952 337 4019 Dnb.
357 3953 384 4020 I.
428 3953 505 4020 (inm
527 3956 612 4022 raris
634 3958 677 4023 sit
702 3959 916 4042 interpretatio
947 3959 1107 4037 circaea,
1136 3975 1215 4044 quse
1246 3977 1300 4043 per
1330 3957 1390 4024 De·

151 4059 269 4122 oretum
285 4055 316 4125 S.
333 4057 370 4124 R.
387 4057 645 4145 Congregationis
659 4061 721 4128 diei
743 4063 791 4128 10.
809 4063 968 4129 Februarii
986 4063 1079 4142 1860,
1103 4063 1206 4130 favore
1220 4062 1391 4147 Augustis·

151 4159 222 4227 simi
246 4161 444 4245 imperatoris
469 4164 566 4230 nostri
594 4165 748 4232 Francisci
770 4168 897 4252 Josepbi
923 4169 946 4234 Ι.
977 4169 1175 4249 statuuntur,
1206 4169 1242 4234 ut
1269 4166 1391 4252 gemino

151 4264 283 4348 praedati
305 4265 421 4332 decreti
441 4269 544 4335 sensui
567 4269 760 4338 uniformiter
782 4271 926 4350 satisfiat,
950 4271 1125 4356 quaeritura

259 4371 285 4436 l.
317 4372 365 4434 An
385 4369 566 4440 Sacerdotes
595 4373 692 4440 exteri
721 4375 762 4458 (v.
786 4395 817 4460 g.
841 4375 937 4454 Galli,
963 4377 1092 4460 Hispani
1116 4379 1190 4463 etc.)
1219 4377 1251 4442 in
1280 4376 1390 4443 itinero

149 4471 339 4540 celebrantes
362 4473 394 4541 in
419 4475 561 4544 Ecclesiis
584 4478 667 4545 intra
690 4477 838 4546 ditionem
862 4481 1079 4562 matriacum,
1108 4481 1242 4550 debcant
1269 4481 1302 4549 in
1331 4483 1390 4552 Os·

151 4594 230 4643 none
252 4577 364 4645 addere
384 4579 491 4647 veroa:
514 4581 559 4649 m
580 4583 775 4668 Imperatore
797 4585 913 4653 Nostro
935 4585 1008 4654 id?
