3120 4904
250 195 394 270 acerreae
412 215 469 254 aar
491 199 683 272 Wdrdipemg
703 203 758 255 der·
781 199 1142 255 Decrelieteatitteratar.
1249 175 1314 244 427

72 389 189 454 genera
220 369 382 436 affinitatis
417 372 655 454 conplectimur;
706 375 771 436 turn
806 371 901 436 otiam
937 368 1059 434 civilem
1094 387 1148 434 sou
1181 367 1314 454 legalem

71 475 300 558 cognationem,
323 494 415 558 quam
440 475 571 541 dicimus
594 476 788 560 adoptionem
803 475 867 558 188).

178 579 224 644 lla
241 596 320 656 rero,
339 597 398 662 que
413 580 642 645 matrimonium
659 579 820 663 inpediunt
834 577 930 662 ipsius
947 576 1174 662 coniunctionis,
1185 577 1312 656 iutuitu,

71 683 128 747 aut
151 682 198 748 sic
221 681 390 766 inpediunt,
415 685 449 747 ut
468 685 666 750 matrimonii
678 668 884 750 suostantiam
898 683 935 748 id
949 689 995 748 eet
1010 701 1189 748 consensum
1208 681 1313 746 abesse

72 785 200 863 iaciant,
225 789 279 852 aut
302 787 370 872 [sic,
390 788 440 871 ut]
465 787 547 852 circa
569 787 757 853 matrimonii
774 787 1018 852 coniunctionem
1035 785 1151 868 aliquid
1167 773 1311 850 illicitum

70 892 127 954 aut
147 890 250 954 miuus
273 889 434 956 honestum
457 889 612 958 inducant.
643 891 708 974 Qua
725 890 914 956 matrimonii
930 890 1135 954 substantiam
1152 889 1314 984 inpediunt

70 994 127 1059 hec
152 997 247 1060 sunt:
271 1013 363 1072 error,
387 996 516 1061 coactio.
548 996 731 1063 Substantia
753 997 837 1062 enim
857 993 1053 1061 matrimonii
1068 999 1112 1060 est
1126 1013 1314 1072 mesenam

69 1097 142 1181 quid
167 1102 272 1163 autem
296 1101 359 1162 tam
384 1099 571 1164 contrarium
596 1100 755 1164 consensui
780 1118 873 1184 quam
904 1117 1005 1176 error,
1038 1098 1091 1182 qui
1123 1097 1312 1180 imperitiam

70 1202 288 1286 detegittffl)
324 1203 369 1266 .ln
393 1203 599 1268 matrimoniis
626 1206 729 1269 autem
756 1202 973 1269 contrahendis
1001 1202 1093 1266 dehet
1123 1220 1188 1266 esee
1216 1201 1312 1266 animi

69 1307 209 1372 libertas.
256 1305 423 1387 Quocirca
448 1308 677 1372 matrimonium
707 1325 770 1372 rem
800 1306 946 1373 illicitam
967 1309 1000 1371 et
1022 1307 1124 1371 minus
1151 1305 1310 1371 honestam

67 1409 221 1475 inducunt
251 1413 324 1476 sunt
352 1411 428 1475 hec:
459 1412 581 1495 tempus
605 1411 748 1476 leriarum
779 1414 811 1476 et
844 1410 971 1476 ecclesie
994 1409 1213 1476 interdictum..
1250 1407 1309 1474 Sed

69 1515 141 1580 aot-a
164 1513 241 1597 quia
263 1514 492 1580 matrimonium
515 1515 566 1578 hio
592 1516 683 1599 vulgo
707 1515 898 1599 appellamus
927 1532 985 1579 nou
1017 1515 1104 1580 illam
1135 1499 1231 1578 solam
1261 1531 1312 1578 co·

69 1617 193 1702 palam,
217 1637 277 1701 que
299 1611 363 1683 rem
388 1621 420 1684 et
440 1617 602 1684 veritatem
625 1619 815 1685 matrimonii
839 1619 993 1696 continet,
1017 1618 1071 1683 sed
1094 1616 1188 1682 etiam
1212 1616 1310 1693 illam,

68 1741 126 1803 que
150 1723 294 1788 ueritatis
318 1722 474 1805 pretendit
495 1723 592 1787 solam
616 1723 758 1806 speciem,
785 1724 859 1805 puta
880 1722 932 1786 uhi
953 1721 1132 1804 sollempnis
1152 1721 1308 1786 matrimo-

70 1827 189 1891 niorum
214 1827 314 1890 forna
338 1825 647 1910 deprehenditurffl).

172 1930 265 1996 Nunc
289 1934 391 1995 autem
417 1950 435 1995 a
457 1932 557 2013 eapite
581 1930 796 1996 revolvendum
821 1933 877 1996 eet.
920 1930 1001 1995 Nem
1025 1949 1139 2006 eorum,
1161 1948 1220 2012 que
1243 1947 1309 1993 ma·
1412 1991 1415 1998 .

69 2033 252 2098 trimonium
275 2033 436 2116 inpediunt
460 2034 576 2098 intuitu
601 2053 817 2116 personarum,
844 2034 975 2118 quedem
1005 2035 1049 2098 sic
1072 2032 1248 2115 inpediunt,
1274 2033 1309 2096 ut

67 2155 102 2202 eu
123 2137 308 2202 necessitate
332 2137 479 2202 dirimant
501 2140 715 2215 contractum
739 2138 870 2221 quedam
894 2138 967 2222 [sie,
991 2135 1039 2225 ut]
1063 2155 1121 2204 non
1145 2155 1181 2200 ex
1203 2154 1308 2200 neces·

51 2233 162 2305 'sitate
186 2241 354 2317 dirimant,
383 2242 434 2305 sed
459 2244 493 2304 ut
516 2241 555 2305 ad
579 2241 785 2306 dirimendum
808 2241 962 2306 sufficiant
981 2242 1044 2324 ¹⁸⁶).
1090 2239 1306 2306 alienantem

68 2344 231 2426 inpediunt
253 2344 504 2422 contrahendum,
525 2345 577 2409 sod
596 2364 652 2410 non
671 2331 821 2409 dirimunt
838 2348 1040 2410 contractum.
1065 2345 1109 2408 lix
1125 2342 1307 2408 necessitate

66 2447 190 2513 solvunt
212 2449 289 2516 hec:
320 2451 424 2512 votum
447 2468 504 2512 non
529 2468 628 2525 omne,
651 2449 704 2513 sed
725 2450 846 2514 tautum
868 2449 1045 2532 sollempne,
1067 2446 1150 2526 ordo,
1172 2446 1305 2512 habitus.

66 2551 289 2635 Nanneianis
319 2551 530 2636 sollempniter
556 2552 673 2617 voverit
697 2553 916 2618 continentiam
945 2555 999 2618 aut
1022 2571 1142 2616 sacrum
1167 2549 1304 2616 ordinem

67 2655 114 2720 rel
145 2655 287 2722 habiturn
321 2656 533 2721 monachalem
567 2658 748 2740 susceperit,
784 2656 811 2722 si
841 2658 947 2740 postea
974 2656 1012 2721 de
1038 2656 1119 2721 lacto
1141 2653 1304 2719 contrahat

67 2759 316 2838 matrimonium,
349 2759 386 2823 de
409 2761 475 2824 iure
500 2779 557 2825 nou
585 2762 707 2825 constat
728 2763 759 2825 et
784 2780 818 2824 ex
843 2760 1024 2826 necessitate
1048 2765 1095 2824 est
1115 2755 1303 2823 soluendum.

67 2863 176 2930 Cetera
199 2865 329 2946 quatuor
353 2882 412 2928 nou
436 2883 470 2928 az
494 2864 676 2928 necessitate
699 2864 857 2940 dirimunt,
881 2864 933 2928 sed
957 2864 994 2928 ad
1014 2862 1218 2928 dirimendum
1239 2860 1303 2924 sul-

67 2965 183 3032 ficiuut.
227 2967 307 3032 Nam
336 2967 362 3030 si
393 2968 446 3050 qui
477 2968 661 3032 naturaliter
691 2986 744 3032 sou
774 2968 1005 3036 accidentaliter
1036 2971 1108 3033 sunt
1132 2965 1238 3049 trigidi
1263 3001 1307 3052 ·‘.

66 3075 195 3154 uterque
217 3071 284 3135 dico
307 3071 355 3136 vel
378 3071 457 3137 alter
473 3071 535 3155 181),
558 3090 615 3136 non
641 3073 722 3136 recte
745 3073 938 3138 conueniunt.
976 3073 1009 3138 Si
1033 3081 1136 3137 tamen
1160 3071 1305 3153 conperto

170 3245 229 3312 183)
247 3245 340 3300 Dieees
358 3245 549 3315 Inpediment,
580 3245 692 3300 welches
718 3243 788 3300 auch
817 3246 895 3302 Rufln
914 3245 968 3300 und
986 3245 1108 3314 Stephon
1126 3244 1305 3306 anerlrennen,

66 3347 119 3384 war
129 3332 206 3387 nicht
215 3331 409 3398 unhestritten;
423 3331 479 3402 rgl.
490 3332 608 3396 sepulte,
620 3332 729 3387 Summa
738 3331 871 3402 Stephani
882 3331 908 3386 S.
916 3333 976 3397 241,
986 3332 1094 3386 Freieen
1105 3347 1128 3385 a.
1139 3347 1163 3385 a.
1176 3328 1207 3384 0.
1217 3328 1304 3384 seon

170 3419 230 3486 184)
248 3419 279 3473 L.
299 3420 338 3474 15.
359 3419 422 3489 Dig.
442 3418 474 3472 de
493 3417 584 3472 iurisd.
604 3417 652 3485 (ll,
673 3417 706 3486 l).
743 3416 855 3473 Obwohl
883 3419 931 3473 der
956 3420 1043 3473 Autor
1064 3417 1123 3472 hier
1142 3417 1200 3471 eine
1219 3414 1305 3470 Stella

66 3501 113 3555 der
132 3504 289 3560 Paudelrten
307 3505 334 3559 iu
352 3506 443 3560 seiuau
457 3505 525 3560 'l'ext
540 3503 678 3560 werwoheu
691 3505 748 3566 het,
766 3521 795 3560 so
811 3505 918 3561 mtchte
930 3505 972 3560 ich
985 3504 1052 3560 dooh
1064 3503 1108 3558 die
1121 3503 1305 3571 Bahauptung

65 3587 108 3642 nr
126 3590 185 3645 eine
203 3594 327 3661 gewagte
346 3593 448 3656 halten,
465 3591 526 3646 dass
544 3608 573 3646 er
589 3591 788 3648 umiaeseudere
802 3591 965 3648 Kenutnisse
983 3591 1022 3645 im
1039 3589 1188 3644 romischen
1201 3588 1303 3642 Rechte

65 3673 188 3731 besessen
210 3677 281 3732 habs
307 3678 361 3732 und
386 3678 462 3732 nicht
484 3678 542 3732 hlos
559 3679 684 3748 aulicae
701 3678 876 3734 bescheideue
894 3677 1102 3734 romanistiecha
1122 3675 1241 3744 Bildung
1259 3673 1303 3728 be·

65 3761 194 3816 schreiuht
212 3779 274 3825 war,
294 3762 393 3818 welche
412 3762 459 3818 der
476 3763 760 3818 Rhetorihuuterrieht
779 3764 815 3818 im
834 3764 954 3819 Trinium
973 3763 1149 3819 vermittelte.

169 3849 227 3913 185)
246 3849 297 3903 hlit
315 3850 420 3904 solcher
438 3849 549 3904 Scheria
566 3850 620 3905 und
640 3851 778 3905 Prdcisiou
798 3851 863 3905 wird
885 3868 947 3906 man
971 3851 1041 3906 wohl
1068 3850 1148 3904 haum
1174 3848 1202 3902 in
1230 3845 1303 3902 einer

65 3929 169 3988 alteren
187 3933 251 3989 oder
266 3934 474 4004 gleichzeitigen
494 3934 596 3992 Schrift
614 3935 665 4014 den
684 3937 791 4007 Begritl'
804 3937 852 3992 der
870 3936 1017 3993 Scheiuehe
1035 3935 1138 3990 erhldrt
1155 3933 1253 3988 lindeu.

170 4019 229 4086 186)
247 4020 443 4090 Inpedimenta
461 4022 567 4089 publica
583 4023 638 4077 uud
658 4026 783 4091 privata!
803 4024 863 4079 ,Ich
882 4025 982 4094 glaube
1000 4024 1093 4086 nicht,
1117 4022 1180 4077 dass
1198 4019 1256 4075 sich
1274 4020 1303 4075 in

65 4101 137 4157 einer
154 4104 256 4161 altereu
275 4107 339 4162 oder
356 4107 565 4178 gleichzeitigen
586 4110 686 4165 Schrilt
703 4112 762 4170 eino
778 4111 903 4167 ihuliche
919 4109 1115 4166 schematische
1131 4107 1301 4164 Zueammen·

65 4188 183 4260 stallung
201 4193 255 4247 und
272 4193 454 4263 Eriduterung
475 4195 643 4250 nachweisen
662 4196 749 4261 liesse,
768 4197 876 4262 welche,
896 4197 985 4253 diesen
1006 4194 1219 4264 Gesichtspunht
1237 4193 1302 4248 lest·

65 4271 184 4342 haltcnd,
203 4277 347 4334 deuselhen
366 4280 403 4334 im
422 4281 559 4335 einzelnen
579 4281 745 4352 vollstdndig
762 4283 932 4338 durohillhrt.

167 4363 227 4433 187)
252 4365 338 4420 Ueher
363 4366 407 4421 die
434 4382 493 4422 worn
524 4368 728 4437 gewdhnlioheu
757 4369 1010 4439 Spraohgebrauche
1039 4365 1227 4424 ahweieheude
1252 4364 1301 4420 Be·

60 4442 200 4592 ἓοιῖιιιῖξὸ
225 4449 323 4508 welche
348 4453 395 4508 der
423 4454 510 4510 dator
532 4455 582 4509 mit
603 4454 664 4510 dem
683 4455 822 4512 Ausdruoh
842 4457 989 4528 ›frigidus‹
1008 4453 1211 4518 rerhindet,.e.
1232 4452 1301 4509 ohen

85 4547 128 4586 ee
203 4577 209 4590 .
