3168 4898
235 145 301 216 330
344 163 442 222 Alelen
454 163 977 239 oberdtch'rrlcltlaapctueacrab.
991 161 1480 237 Vicurictae'uliudupeal(1892).
1578 222 1579 237 ,

341 343 370 406 3.
405 339 583 404 Trihuimns
613 339 798 423 potestatem
823 359 841 404 a
864 340 1022 422 quibusvis
1048 340 1146 405 Nobis
1169 341 1336 404 reservatis
1360 341 1482 403 casibus
1577 402 1579 431 ἐ

236 448 268 510 et
290 445 425 527 peccatis
446 443 641 521 absolvendi,
673 443 812 526 hancque
836 445 1015 509 facultatem
1039 463 1108 508 cum
1133 444 1202 509 aliis
1225 462 1346 527 quoque
1372 463 1483 526 appro·
1578 452 1579 455 ’

237 549 318 613 batis
349 546 566 624 Conlessariis,
596 567 652 613 nec
686 565 744 612 nou
775 548 831 623 iis,
866 550 918 632 qui
954 548 1102 613 eminenti
1134 549 1265 613 scientia
1297 553 1329 611 ct
1364 547 1483 630 pietate

237 654 413 736 praestant,
447 651 691 717 communicandi
726 656 758 716 et
791 653 1023 736 subdelegandi.
1079 653 1158 716 ltem
1191 653 1383 735 potestatem
1418 653 1483 716 siue

236 757 409 822 saeculares
432 755 496 821 aive
520 756 677 838 regulares
702 756 915 840 presbyteros,
949 757 1113 839 praemisso
1136 775 1256 839 semper
1278 775 1388 821 eorum
1410 775 1482 820 era·
1578 768 1579 821 ἕ

237 859 332 938 mine,
356 859 395 924 ad
419 859 587 926 audiendas
611 859 728 926 Christi
750 859 887 926 fidelium
913 861 1115 926 contessioues
1139 859 1345 944 approbandi,
1371 862 1406 924 et
1428 879 1484 942 ap-
1578 844 1579 849 ἵ

236 964 373 1048 probatis
397 964 574 1030 exercitium
606 963 831 1047 Jurisdictionis
854 965 885 1030 in
909 983 995 1030 sacro
1018 963 1224 1048 poenitentiae
1247 963 1401 1029 tribunali
1426 965 1484 1027 im·
1577 982 1579 991 ⁴

236 1068 387 1153 partiendi
419 1069 451 1134 et
479 1067 669 1152 impertitam
691 1068 937 1152 jurisdictionem
961 1089 977 1134 e
999 1087 1091 1133 causa
1112 1067 1279 1134 sufficienti
1305 1068 1485 1134 revocandi.

236 1172 490 1258 Neopresbyteris
514 1172 636 1239 Nostris
660 1171 718 1257 ipsi
741 1172 779 1238 de
800 1173 1014 1256 jurisdictione
1037 1173 1275 1256 providebimus.

339 1277 370 1341 4.
403 1277 603 1360 Impertimnr
631 1276 815 1342 facultatem
844 1277 1051 1342 constituendi
1074 1277 1167 1360 atque
1191 1275 1371 1341 nominandi
1397 1278 1483 1340 Con·

237 1382 378 1448 tessarios
399 1380 586 1458 ordinarius,
618 1383 710 1464 atque
731 1381 988 1446 extraordinarios
1012 1381 1194 1445 Monialium
1217 1382 1310 1463 atque
1333 1378 1484 1445 Sororum

237 1485 428 1551 diuersarum
454 1484 734 1569 congregationum
766 1484 797 1550 in
826 1484 1080 1550 Archi-Dioecesi
1104 1484 1312 1549 existentium.
1358 1484 1407 1549 De
1430 1503 1486 1547 no-

236 1589 363 1655 minatis
391 1607 461 1654 vero
492 1591 523 1654 et
554 1588 732 1654 constitutis
764 1589 872 1654 taliter
902 1589 1094 1654 confessariis
1117 1588 1212 1654 Nubis
1242 1588 1382 1654 inomni
1407 1607 1485 1653 casu

237 1693 429 1760 referendum
452 1693 521 1760 crit.

340 1797 370 1866 5.
400 1797 599 1880 Impertimnr
625 1799 812 1880 potestatem
836 1796 1033 1880 dispensandi
1057 1797 1088 1861 in
1113 1795 1238 1873 bannis,
1270 1797 1485 1860 matrimoniis

236 1899 489 1985 praemittendis,
521 1919 576 1965 nec
608 1919 665 1966 non
702 1901 732 1965 iu
762 1900 993 1984 impedimentis
1016 1899 1271 1984 impedientibus,
1303 1899 1334 1963 in
1368 1900 1484 1982 quihus

237 2005 380 2090 Episcopi
399 2004 469 2089 jure
492 2005 612 2088 proprio
635 1991 824 2087 dispensant.

340 2110 370 2177 6.
402 2109 584 2174 Rectoribus
607 2109 821 2192 parochiarum
846 2109 994 2188 infirmis,
1026 2109 1073 2174 uel
1104 2108 1166 2174 alia
1193 2107 1231 2172 de
1260 2125 1356 2172 causa
1380 2107 1485 2172 insul·

237 2213 422 2287 beientibus,
446 2212 485 2277 ad
508 2213 599 2278 breve
617 2215 748 2296 tempus,
773 2213 976 2296 coadjutores,
999 2213 1064 2278 sire
1083 2212 1282 2277 subsidiarios
1296 2211 1484 2294 deputandi.

236 2317 513 2384 administratores
550 2316 739 2382 interimales
768 2317 982 2399 parochiarum
1012 2316 1219 2382 constituendi
1250 2318 1343 2399 atque
1381 2317 1482 2380 uomi-

237 2421 349 2498 naudi;
373 2420 492 2504 reliqua
515 2420 686 2503 personalia
709 2420 790 2486 Cleri
813 2420 920 2486 Nostri
944 2421 1071 2504 negotia
1094 2421 1191 2486 Nobis
1214 2438 1420 2485 reseruemus.

341 2525 371 2593 7.
403 2523 656 2591 Jurisdictionem
687 2524 720 2589 iu
750 2524 908 2608 regulares
932 2524 1092 2609 utriusque
1114 2543 1203 2589 serus
1226 2523 1265 2589 ad
1288 2523 1482 2606 exigentiam

237 2631 427 2696 decretorum
451 2627 481 2696 S.
504 2627 632 2695 Consilii
655 2628 829 2694 Tridentini
860 2629 1051 2695 voluntatem
1075 2629 1247 2712 puellarum
1271 2627 1311 2693 ad
1335 2627 1481 2692 habitum

237 2733 417 2818 religiosum
452 2733 498 2798 rel
533 2733 570 2796 ad
605 2733 822 2816 professionem
852 2733 977 2798 admitti
1007 2733 1177 2816 petentium
1208 2730 1408 2814 explorandi;
1438 2767 1482 2777 -

236 2839 395 2904 licentiam
415 2855 470 2920 pro
488 2836 630 2920 ingressu
650 2836 689 2902 ad
710 2836 883 2902 clausuram
906 2837 1096 2915 hlonialium,
1121 2836 1301 2913 artificibus,
1334 2836 1482 2900 elliciali·

238 2943 305 3022 bns,
329 2940 456 3006 medicis
478 2944 536 3007 etc.
561 2960 615 3024 pro
638 2941 727 3006 rebus
749 2943 874 3006 tautum
897 2942 1078 3007 necessariis
1102 2940 1295 3019 concedendi,

341 3047 370 3113 8.
394 3044 528 3110 Litteras
541 3045 699 3123 formatas,
717 3045 985 3111 commendatitias
1001 3048 1034 3110 et
1045 3044 1268 3110 testimoniales
1280 3043 1480 3108 concedendi.

341 3151 370 3214 9.
396 3149 469 3214 Pias
492 3147 686 3214 fundationes
709 3149 900 3232 acceptandi,
923 3150 1110 3233 approbandi
1133 3151 1225 3232 atque
1249 3147 1461 3213 coordiuaudi.

342 3253 393 3318 lo.
421 3253 589 3331 Ecclesiae,
621 3253 751 3331 altaria,
782 3253 918 3320 oratoria
949 3254 1089 3336 publica,
1122 3271 1242 3330 cruces,
1273 3253 1395 3316 statuas
1417 3259 1479 3318 etc.

238 3356 436 3423 benedicendi
461 3359 493 3421 et
516 3356 697 3422 facultatem
721 3357 801 3423 hauc
824 3357 894 3422 aliis
916 3377 1036 3442 quoque
1059 3356 1293 3440 subdelegaudi.

342 3462 391 3526 ll.
427 3460 662 3545 designationes
696 3461 828 3526 faciendi
861 3480 878 3526 e
912 3461 992 3525 fiscis
1026 3462 1121 3527 sacris
1156 3460 1290 3544 exceptis
1323 3458 1382 3538 iia,
1423 3459 1479 3543 qui

238 3565 455 3649 proprietatem
486 3565 693 3630 hicclesiarum
726 3564 789 3648 juri
824 3567 1005 3648 patronatus
1036 3565 1143 3631 Nostri
1177 3563 1373 3630 obnoxiarum
1404 3581 1480 3628 ouu-

237 3669 382 3736 stiterunt.

343 3773 390 3839 12.
426 3773 693 3850 Restauratioues,
724 3791 801 3857 quae
832 3773 911 3838 liunt
941 3773 980 3838 ad
1004 3791 1080 3839 onus
1103 3772 1189 3838 fundi
1217 3771 1374 3856 religionis
1399 3772 1477 3838 alio·

238 3895 366 3960 rumque
390 3876 552 3942 fundorum
575 3895 594 3940 a
617 3876 764 3960 gubernio
784 3876 1089 3955 administratorum,
1113 3875 1322 3959 pertractandi
1345 3879 1379 3940 et
1398 3876 1479 3941 alias

237 3999 355 4064 qnoque
379 3981 635 4059 restaurationes,
659 3981 688 4045 iu
714 3981 826 4064 quihus
850 3999 1013 4046 concursus
1036 3981 1103 4046 fisci
1125 3981 1204 4046 sacri
1228 3979 1399 4062 expetitur,
1429 3981 1478 4044 in-

236 4083 405 4168 dulgendi,
446 4084 559 4150 demtis
598 4084 875 4151 restaurationibus
909 4085 1032 4151 aedium
1066 4084 1244 4168 patronatui
1278 4083 1394 4150 Nostro
1425 4085 1480 4149 ob-

238 4189 407 4255 noxiarum.
976 4269 979 4276 Δ

341 4293 390 4354 13.
420 4291 565 4358 Rationes
595 4293 631 4357 de
660 4293 779 4376 peculio
801 4312 904 4372 sacro,
938 4293 1144 4359 Ecclesiarum
1168 4296 1200 4358 et
1220 4293 1340 4376 piarum
1365 4291 1480 4357 lunda-

237 4393 357 4458 tionum
383 4413 435 4460 nec
458 4413 517 4460 non
541 4395 715 4460 scholarum
735 4397 999 4478 aupes-revidendi,
1023 4397 1212 4480 approbandi
1236 4397 1284 4462 uel
1306 4397 1479 4479 rejiciendi.

344 4494 393 4564 14.
419 4497 604 4563 Postbumaa
616 4497 829 4564 detunctorum
843 4500 1035 4566 sacerdotnm
1051 4500 1242 4566 substantias
1255 4500 1478 4584 pertractandi.
