3228 4908
324 197 327 208 ,
431 135 460 192 S.
480 135 591 208 Oenpr.
614 137 673 194 Rea
691 138 777 192 circa
792 135 905 204 officia,
925 139 1038 214 misma
1057 141 1113 192 etc.
1327 118 1389 184 127

149 311 315 376 Doctorum
337 309 380 376 Iu
403 310 523 388 Medio,
548 309 579 376 in
604 308 894 376 Postcommuuiouc
916 308 984 376 loeo
1003 307 1125 375 dicandi
1142 307 1307 392 Οοηίοεεον
1321 317 1393 376 tuus

147 420 177 480 et
196 413 321 493 Doetor,
353 412 414 479 orci
442 413 553 480 debeat
584 413 732 497 Pontifex
762 419 835 480 tuus
865 419 893 480 et
921 411 1047 492 Ductor,
1077 414 1169 497 prout
1196 411 1228 478 in
1256 413 1391 481 editione

146 518 252 603 typica
280 517 418 584 Missulis
446 517 495 585 die
525 517 576 585 21.
602 518 718 602 Aprilis
749 537 802 602 pro
831 519 922 584 Festo
946 517 976 586 S.
1001 516 1141 584 Anselmi
1163 517 1218 604 Ep.
1243 518 1275 586 Ο.
1299 518 1389 586 Doct.

147 623 326 690 invenitur?

252 727 332 792 Dnb.
355 726 441 792 XIX.
474 727 570 811 Viget
592 744 666 792 usus
688 725 719 791 iu
741 724 800 792 hac
824 725 982 805 aiaconi,
1014 725 1096 794 sicut
1126 727 1158 793 et
1179 725 1212 791 iu
1234 725 1390 812 aliquibus

144 832 232 911 aliis,
264 831 397 896 addendi
425 832 562 914 ternpore
585 828 723 914 paschali
745 829 778 896 iu
800 829 955 896 exercitiis
977 829 1166 910 teutonis,
1194 849 1273 914 quae
1304 831 1390 898 extra

144 935 290 1002 Officium
321 934 520 1013 canonicum,
557 933 690 1000 maxime
723 952 827 1000 coram
861 933 957 1002 SSmo
988 932 1188 1001 Sacramenta
1223 934 1388 1014 habentur,

143 1041 289 1108 Alleluia
312 1040 351 1105 ad
374 1039 572 1117 VarsIculos;
603 1059 632 1108 v.
656 1058 686 1123 g.
708 1037 747 1104 ad
768 1037 809 1117 II.
844 1037 910 1106 Oro
937 1059 1010 1122 pro·
1034 1038 1125 1106 notia
1155 1041 1225 1123 post
1252 1039 1390 1106 Bituniae

145 1145 355 1224 Lauretum,
385 1143 425 1210 ad
448 1143 490 1222 II.
514 1143 748 1210 Beueolteomas
773 1143 902 1210 Putrem
923 1149 953 1210 et
974 1142 1097 1208 uultum
1120 1143 1189 1226 post
1212 1143 1254 1210 Tc
1277 1141 1388 1224 Decem,

145 1251 220 1327 etc,
251 1248 422 1332 quinimmo
454 1249 487 1313 et
518 1245 650 1313 addendi
679 1247 713 1311 in
744 1246 852 1312 dicbus
876 1245 1040 1313 PaschatIs
1063 1245 1110 1312 vel
1133 1246 1215 1312 intra
1237 1245 1387 1314 Octavam

147 1351 286 1419 Paschae
306 1350 418 1435 duplex
438 1351 580 1418 Alleluia
601 1350 640 1416 ad
664 1350 897 1418 Benedicomae
922 1349 1075 1428 Domino,
1106 1351 1187 1435 quod
1214 1351 1246 1416 in
1269 1350 1318 1416 his
1340 1372 1390 1418 re·

145 1455 289 1540 gionibus
312 1454 392 1522 solet
410 1454 528 1520 cantari
551 1453 648 1520 tultis
671 1454 880 1533 orationibus,
911 1453 1023 1536 quibus
1054 1455 1222 1536 praecessit
1242 1455 1388 1522 solemnia

145 1562 255 1626 cantus
278 1558 385 1644 hymni
409 1556 617 1624 Ambrosiani.
662 1558 712 1622 Au
735 1576 808 1623 usus
826 1558 887 1623 iste
909 1556 1036 1622 tolerari
1058 1559 1182 1641 possit?

251 1664 329 1729 Dub.
351 1661 420 1732 XX.
450 1663 616 1746 Episcopus
632 1661 825 1740 Oritanum,
847 1660 946 1745 quiin
964 1661 1066 1728 aliena
1084 1662 1224 1730 Dioecesi
1239 1663 1387 1743 celebrat,

144 1769 269 1833 tenetur
291 1788 330 1833 ue
351 1769 382 1832 iu
405 1768 564 1834 Momteto
587 1765 720 1832 (lenonis
744 1765 900 1832 uomiuara
929 1759 1113 1850 Episcopum
1146 1767 1237 1835 huius
1266 1768 1387 1836 alienae

146 1872 336 1950 Dioeceecos,
360 1889 398 1936 an
421 1869 649 1952 semetipsum?

248 1974 343 2042 Sacra
364 1993 453 2058 porro
476 1973 605 2040 Rituum
627 1973 844 2058 congregato,
868 1972 907 2038 au
928 1972 1108 2040 relationem
1125 1973 1315 2060 infrascripti
1331 1974 1388 2043 Sa·

143 2079 288 2158 auctorit,
313 2078 525 2163 exquisitaque
544 2078 615 2144 voto
638 2077 767 2144 alterius
790 2096 825 2142 ex
849 2077 1093 2161 apostolicarum
1118 2077 1386 2147 (testamentorum

143 2183 316 2269 MagIstria
339 2183 385 2249 ita
408 2183 573 2270 propositis
598 2182 707 2248 Dubiis
730 2180 959 2249 rescribendum
979 2182 1110 2264 censuit,
1134 2181 1299 2250 videlicet:

249 2287 297 2354 Ad
322 2287 347 2354 l.
383 2288 491 2364 Posse,
520 2286 574 2354 sed
603 2304 664 2352 non
684 2285 799 2365 teneri,
828 2286 927 2370 quoad
956 2285 1086 2369 primam
1112 2289 1253 2370 partam:
1285 2287 1387 2372 quoad

140 2389 329 2471 secundam,
357 2389 553 2456 attractiva
578 2389 617 2456 ad
639 2389 790 2474 primum,
821 2389 975 2474 Negatiue
998 2389 1037 2454 ad
1061 2389 1254 2470 secundum
1284 2391 1385 2476 quoad

138 2493 291 2560 tertiam:
325 2494 480 2579 Nogutiua
510 2493 728 2576 caprimum,
764 2489 961 2558 Affirmati've
994 2491 1033 2558 ad
1063 2493 1252 2574 secundum
1284 2495 1384 2578 quoad

138 2599 304 2682 quartam:
328 2595 523 2664 affirmative
546 2597 578 2662 in
602 2596 755 2662 omuibus.

248 2699 297 2768 ad
318 2700 360 2768 11.
393 2701 558 2786 Negative.

247 2805 295 2871 Ad
317 2803 377 2873 ΙΙΙ,
411 2804 577 2872 Serventur
601 2805 754 2871 Rubricue
778 2803 914 2870 Ritualis
938 2803 1087 2883 Romani,
1110 2823 1220 2889 nempe
1243 2803 1305 2875 uu.
1329 2807 1382 2888 VI,

139 2927 209 2992 cap.
225 2908 255 2986 3,
280 2927 309 2976 n.
326 2909 357 2985 5,
379 2925 433 2991 pro
456 2907 506 2974 die
530 2906 747 2991 Depositionis,
768 2908 802 2972 st
817 2906 879 2972 Tit.
897 2906 951 2986 VI,
972 2926 1038 2991 cap.
1054 2909 1084 2986 5,
1107 2928 1136 2977 n.
1153 2910 1184 2990 2,
1204 2910 1381 2994 prodictus

139 3013 247 3091 tercia,
267 3012 410 3095 septima,
431 3011 598 3108 trigesima
617 3013 650 3076 at
669 3010 889 3078 anniversaria.

246 3115 295 3180 Ad
318 3114 372 3180 IV.
407 3115 579 3182 Recitanda
600 3115 699 3182 oratio
722 3117 813 3199 prout
835 3117 884 3182 est
906 3115 937 3180 in
960 3114 1093 3182 Mieauli.

248 3220 296 3286 Ad
321 3222 358 3288 V.
393 3221 524 3287 Dicatur
546 3221 679 3305 primum
700 3221 906 3286 Nocturnum.

247 3325 296 3390 Ad
320 3324 373 3391 VI.
410 3325 604 3392 Nocturnum
621 3324 714 3392 debet
728 3325 908 3409 respondero
925 3324 1044 3404 Furiae,
1065 3345 1125 3410 qua
1141 3327 1264 3393 canitur
1277 3327 1384 3391 MIssa.

246 3426 296 3495 Ad
319 3428 390 3494 VII.
432 3427 627 3496 Attirmative
661 3424 760 3513 quoad
800 3428 931 3512 primurn
975 3431 1113 3511 partem
1157 3430 1310 3516 Nagative
1344 3430 1382 3496 ad

139 3532 321 3600 secundam.

245 3634 305 3701 Au.
329 3634 406 3700 VIII
428 3636 460 3701 ot
482 3633 537 3700 IX.
572 3634 725 3722 Negative
747 3635 787 3702 ad
810 3635 941 3721 primam
965 3638 1104 3720 partem3
1132 3637 1326 3704 affirmative
1342 3638 1382 3704 ad

139 3741 320 3808 secundam.

246 3845 294 3910 At
318 3843 359 3911 X.
393 3843 558 3928 Negatiue.

243 3948 292 4016 Ad
316 3947 372 4016 XL
403 3948 598 4016 affirmative
621 3956 654 4016 et
675 3949 809 4016 mounda
829 3949 928 4016 oratio
949 3951 1091 4016 sumatur
1112 3949 1150 4016 de
1170 3953 1318 4036 ternpore.

244 4052 305 4119 Au.
329 4051 403 4121 XII.
436 4053 643 4122 Affirmatiue.
1316 4081 1318 4084 ·

242 4155 291 4223 Ad
314 4155 406 4225 XIII.
446 4156 533 4222 Stola
560 4157 784 4224 concionatoris
813 4157 856 4224 sit
889 4156 999 4224 coloris
1029 4157 1138 4223 Officio
1168 4158 1229 4224 diei
1257 4177 1383 4242 respon-

137 4261 253 4338 dentis,
277 4260 372 4326 ettam
396 4259 445 4327 die
468 4261 603 4327 secunda
624 4262 816 4328 Novembris.

243 4363 293 4428 Ad
315 4363 400 4431 XIV.
433 4365 628 4432 affirmative
652 4365 690 4432 ad
713 4365 844 4448 primam
866 4368 1004 4450 partem3
1029 4366 1184 4448 Negativc
1207 4367 1244 4431 ad
1269 4387 1382 4433 secuu-

136 4470 222 4549 dum,
243 4467 284 4534 ad
304 4469 442 4550 tertium,
465 4469 627 4536 Provisum
650 4471 682 4536 in
705 4469 818 4554 prIma.
