3228 4908
249 203 311 268 134
367 219 476 288 Conpr.
500 218 575 287 Epp.
594 221 622 271 et
645 215 715 287 liep.
732 218 819 270 circa
837 213 963 281 consess.
982 211 1126 276 monial.,·
1146 208 1256 279 Oonpr.
1275 224 1298 262 e.
1318 205 1376 275 Off.

355 392 413 460 Ill.
438 391 468 456 Si
493 390 646 474 quaedam
670 406 788 452 sorores
811 386 895 469 (imo,
919 383 998 467 qnod
1023 384 1109 466 pejus
1131 381 1189 460 eet,
1212 380 1310 462 major
1333 397 1406 461 pars
1422 376 1495 440 ille-

250 497 331 582 rum)
359 497 536 562 constanter
559 492 598 558 ad
624 492 757 575 aliquem
782 510 798 554 e
821 487 1013 555 confessariis
1043 485 1197 570 adjunctis
1231 483 1405 558 recurrant,
1439 479 1492 542 de·

251 604 341 668 betne
365 601 530 684 Episcopus
550 597 650 672 silere,
674 615 714 661 an
739 594 840 678 potius
856 593 1048 662 intervenire,
1073 591 1176 671 aliquo
1196 589 1285 652 ruodo
1301 584 1494 668 procurando

251 706 287 770 ut
308 705 394 770 salva
416 705 458 768 sit
480 700 600 766 sanccita
623 701 652 764 in
680 699 771 763 Bulla
794 697 972 763 Pnstorolis
995 695 1146 760 maxima:
1182 690 1395 756 »Generaliter
1426 693 1494 752 eta·

251 810 353 873 tutum
377 826 443 872 esee
466 805 674 888 dignoscitur,
700 803 736 867 ut
758 819 811 886 pro
834 799 964 882 siugulis
987 797 1167 862 monialium
1191 793 1386 860 monasteriis
1413 812 1497 855 unus

251 911 416 976 dumtaxat
441 907 644 975 confessarius
667 906 876 988 deputetur&

355 1032 408 1099 IV.
441 1031 481 1096 ldt
503 1033 657 1114 quatenus
680 1026 865 1093 intervenire
888 1025 1014 1100 debeat,
1038 1043 1130 1106 quam
1153 1021 1230 1086 inire
1251 1020 1331 1084 riam
1355 1017 1498 1101 legitime

254 1137 373 1220 queat?

357 1257 450 1323 Sacra
472 1255 678 1338 congregatio
702 1251 1021 1318 Eminentiesimornm
1045 1269 1080 1312 ac
1106 1244 1439 1311 Reverendissimornm
1466 1243 1497 1306 S.

256 1360 584 1426 cusentinorum
618 1357 749 1439 negotiis
779 1359 811 1420 et
838 1354 1115 1421 consultationibus
1140 1351 1354 1432 Episcoporunr
1379 1351 1411 1411 et
1438 1347 1499 1410 lie-

255 1464 408 1548 gularium
440 1463 628 1547 praeposita,
669 1459 833 1544 propositis
866 1457 967 1522 dubiis
997 1457 1116 1522 consuit
1148 1451 1372 1519 rescribendum
1406 1453 1501 1532 prout

255 1567 429 1650 rescripsit:

361 1688 409 1755 Ad
432 1688 464 1754 1:
489 1685 647 1771 Nepative.

361 1801 407 1866 Ad
431 1802 478 1865 ll:
504 1797 711 1883 Affirmntive.

363 1913 410 1978 lld
433 1913 499 1978 lll:
531 1912 679 1996 Nepotiee
694 1911 738 1976 nd
750 1912 890 1992 primam
906 1915 1041 1991 purtem,
1063 1907 1250 1990 affirmative
1265 1903 1501 1970 adserendam.

363 2026 410 2089 Ad
433 2026 493 2090 IV:
518 2025 650 2090 Moneat
673 2022 866 2089 Ordinarins
888 2023 1039 2087 moniales
1061 2027 1089 2084 et
1110 2041 1233 2085 sorores
1250 2019 1288 2084 de
1303 2017 1416 2099 enitere
1430 2016 1501 2092 opi-

258 2137 319 2206 tnr,
350 2130 584 2214 dispositionem
605 2127 733 2194 aretenta
754 2127 775 2192 1
782 2127 813 2194 V
837 2125 963 2192 Decreti
997 2123 1261 2206 Quemadmodum
1291 2121 1503 2201 exceptionem

258 2240 378 2301 tantum
402 2235 461 2315 tepi
485 2233 638 2300 communi
661 2229 844 2296 constituere
869 2249 930 2311 pro
954 2229 1077 2294 ensibus
1099 2227 1255 2292 dimicent
1276 2245 1368 2290 neroe
1391 2229 1419 2288 et
1441 2224 1500 2287 ad-

260 2338 381 2404 sotntne
401 2337 605 2412 necessitatis,
629 2335 747 2418 quotics
770 2333 816 2399 nd
837 2333 873 2398 id
894 2331 1074 2416 adiguntur,
1102 2332 1194 2412 firmo
1216 2334 1396 2394 remanente
1420 2328 1504 2408 pared

255 2465 276 2507 n
301 2443 334 2508 S.
361 2439 501 2508 Concilio
531 2440 718 2505 Tridentino
748 2445 775 2504 et
805 2461 826 2503 n
855 2436 1078 2502 Constitutione
1100 2458 1126 2500 e.
1147 2456 1187 2500 m.
1212 2433 1379 2499 Benedicti
1405 2432 1503 2496 XIV.

259 2547 406 2627 incarcere.
432 2543 598 2609 Pastoralie
622 2561 714 2608 curae
734 2544 966 2624 praescriptum
988 2541 1125 2606 habetur.

365 2666 490 2745 Romae,
518 2665 544 2730 l.
570 2665 727 2731 Februarii
754 2663 846 2730 1892.

905 2785 929 2852 Ι.
956 2783 1044 2850 Card.
1077 2785 1186 2866 Verpa,
1210 2781 1309 2846 Praei.

813 2889 844 2954 J.
872 2889 913 2953 M.
938 2888 1134 2966 Grannintto,
1163 2889 1264 2963 Baro,
1288 2886 1403 2950 Secret.

626 3089 667 3156 D.
713 3090 767 3154 En
790 3111 814 3155 s.
840 3089 952 3172 Conpr.
976 3109 1000 3154 s.
1025 3089 1131 3170 officii.

319 3252 348 3312 1.
385 3245 479 3312 Dece.
502 3246 533 3311 d.
547 3245 577 3312 ct.
602 3251 631 3311 9.
654 3245 729 3310 Mai
755 3250 845 3311 1892
868 3247 953 3310 circa
971 3246 1078 3311 cirrum
1100 3246 1134 3309 in
1156 3245 1272 3309 missae
1292 3243 1450 3326 sacrificio

772 3350 992 3416 adhibendum.

366 3490 433 3556 Aul
462 3490 512 3556 die
537 3490 674 3575 llntrage
697 3492 779 3556 eines
802 3491 931 3559 frauzds.
956 3491 1110 3568 Bischois,
1141 3491 1179 3558 ob
1204 3491 1310 3568 Wein,
1345 3489 1412 3553 dem
1447 3489 1508 3553 ruit

264 3595 375 3660 Zneatz
399 3613 456 3660 von
483 3593 654 3660 Weinstein
679 3595 741 3659 und
766 3596 930 3661 Pottasclre
953 3596 1035 3662 scine
1059 3595 1211 3660 Herbireit
1232 3595 1434 3670 benommeu,
1458 3594 1507 3657 als

266 3699 425 3764 Mesenein
446 3699 618 3783 gebrauoht
642 3699 760 3765 nerden
784 3699 880 3778 durio,
904 3699 1084 3766 erniederte
1107 3700 1156 3764 die
1180 3699 1290 3784 Congr.
1314 3717 1338 3763 s.
1362 3697 1470 3764 Ollicr
1596 3689 1597 3762 i

367 3819 402 3884 ln
433 3821 670 3905 congregatione
695 3820 751 3888 ter.
785 3821 838 3888 lll.
865 3821 917 3887 27.
946 3821 1042 3905 elapsi
1071 3821 1184 3887 mansis
1215 3819 1330 3903 Aprilis
1364 3819 1506 3901 expensis
1596 3805 1597 3808 ¹

263 3923 363 3989 literis
387 3940 405 3988 a
429 3923 472 3988 'le
495 3923 597 3990 missis
620 3923 742 3990 Domini
765 3925 842 3990 N..
866 3927 1043 4008 quaerentis
1066 3926 1171 3990 utrum
1191 3924 1238 3990 uti
1261 3925 1353 4007 queat
1370 3921 1505 4006 quodam
1596 3935 1597 3950 *

264 4027 399 4094 chemino
434 4045 576 4112 processu
608 4027 647 4093 ad
682 4029 745 4094 vini
780 4048 833 4112 pro
864 4029 960 4096 Missa
992 4028 1167 4094 naturalem
1203 4028 1374 4094 acredinem
1410 4025 1508 4090 corri-

264 4132 407 4215 gendam,
442 4131 687 4197 Eminentieeimi
717 4131 841 4198 Domini
874 4133 1054 4198 Cardiuales
1090 4153 1152 4199 uua
1190 4153 1308 4198 mecum
1344 4130 1507 4214 generales

264 4235 465 4320 Inquisitores
490 4235 731 4318 respondendum
753 4237 948 4303 mandarunt.

369 4358 438 4423 Non
461 4357 610 4442 expedire.

372 4479 470 4543 Roma
493 4479 522 4544 d.
547 4478 576 4546 9.
602 4479 687 4548 litati
1081 4479 1116 4544 a.
1139 4477 1229 4546 Card.
1254 4479 1401 4544 Menace.
