3168 4898
284 145 348 218 326
392 166 488 225 Attea
501 159 576 225 liber
586 158 637 225 dic
649 157 838 239 Errictiarry
849 161 933 225 cirues
946 168 1024 225 crab.
1037 158 1192 224 Vtccrioie
1201 165 1236 224 ira
1248 161 1403 239 Budopcat
1414 163 1496 231 (1892).

282 341 361 426 palis
387 340 637 424 Budapestiensis
664 339 694 405 in
718 340 802 406 dicta
827 341 990 424 Metropoli
1024 339 1287 416 resideat,.Cleri
1318 339 1497 412 activitaten,

283 463 402 522 mores,
433 445 660 512 observantiam
694 445 921 512 ecclesiasticae
944 450 976 511 et
999 446 1151 530 regularis
1176 445 1373 529 disciplinae,
1402 444 1499 508 cultum

283 549 420 614 divinum
464 548 549 634 sigili
595 548 767 616 attentione
813 552 1031 634 prosequatur,
1077 549 1209 633 majores
1246 548 1452 614 solemnitates
1478 551 1500 610 el

282 652 455 720 functiones
476 672 594 732 sacras,
625 657 689 719 turn
714 673 787 737 pure
810 653 1054 729 ecclesiasticus,
1083 673 1177 737 quarn
1200 652 1295 730 alias,
1319 670 1398 736 quae
1419 651 1501 734 regui·

281 758 398 824 coleres
421 758 616 841 appellentur
639 757 671 823 et
691 758 723 822 in
748 757 911 841 Metropoli
938 757 1036 841 Regni
1065 756 1172 841 peragi
1195 757 1312 836 solent,
1344 755 1502 822 solemniter

282 861 437 946 persolvet
460 863 492 928 et
514 865 663 947 peragam
686 862 855 928 catholicas
878 861 1000 928 scholas
1022 870 1054 926 et
1077 861 1254 946 religiosam
1271 862 1303 926 iu
1318 861 1392 927 aliis
1409 859 1502 925 scholis

281 967 507 1032 institutionem
530 966 775 1049 superinspiciat,
798 983 887 1049 porro
908 965 1043 1044 uniones,
1066 966 1318 1044 commistiones,
1340 964 1502 1030 sodalitates

281 1073 314 1136 et
336 1072 455 1147 omnia,
490 1088 568 1152 quus
595 1070 729 1136 tuendae
757 1071 789 1134 et
820 1069 1045 1135 conservandae
1076 1069 1148 1135 lidei
1179 1070 1353 1136 catholicae
1376 1069 1503 1150 bonisque

281 1173 416 1240 moribus
444 1173 631 1252 inserviunt,
663 1172 782 1250 loreut,
815 1173 951 1240 consiliis
974 1174 1038 1238 suis
1059 1174 1147 1256 juret
1168 1175 1202 1240 et
1221 1173 1350 1258 dirigat.
1396 1173 1503 1236 Partem

278 1275 503 1361 jurisdictionis
524 1293 603 1355 reru,
627 1294 720 1359 quam
744 1275 866 1342 nomine
889 1276 1004 1343 Nostro
1027 1277 1189 1354 exercebit,
1212 1275 1340 1360 speciali
1364 1273 1505 1341 edendos

280 1381 377 1447 Nobis
397 1380 538 1460 Decreto,
561 1379 836 1446 determinabimus
859 1381 891 1444 et
913 1381 1209 1448 circumscribamus.
1247 1381 1341 1446 Porro
1363 1397 1400 1444 ue
1416 1376 1505 1441 fideles

278 1485 385 1551 Nostri
409 1485 439 1548 in
463 1483 556 1548 becco
575 1481 735 1550 vicariatu
758 1483 938 1550 habitantes
952 1502 1023 1549 cum
1041 1483 1144 1550 causis
1161 1483 1224 1549 suis
1241 1479 1505 1548 matrimonialibus

277 1587 425 1672 litigiosis
448 1585 640 1671 Strigonium
665 1587 768 1652 venire
790 1589 960 1672 cogantur,
993 1589 1049 1652 sub
1080 1587 1232 1672 praesidio
1263 1587 1388 1652 Vocarii
1414 1585 1505 1650 Nostri

280 1691 533 1776 Budspestieusis
563 1691 695 1775 speciale
718 1691 933 1758 consistorium
958 1692 1103 1776 Allppale
1126 1691 1372 1776 Sudapestiense
1394 1709 1446 1756 seu
1466 1691 1505 1772 ju·

278 1795 394 1862 dicium
419 1796 646 1862 matrimoniale
669 1797 888 1863 constituimus
911 1800 1005 1880 atque
1027 1796 1190 1880 erigimus,
1215 1795 1388 1881 delegando
1405 1793 1505 1879 judicio

279 1899 351 1964 huic
382 1898 565 1966 facultatem
596 1902 628 1966 et
656 1903 861 1983 potestatem,
896 1919 1004 1966 causas
1035 1900 1278 1966 matrimoniales
1300 1899 1441 1964 fidelium
1463 1899 1506 1962 li·

278 1990 416 2070 caristus
441 2002 693 2086 Budapestiensis
716 2003 755 2068 sd
778 2005 921 2070 tramites
948 2023 1104 2070 sacrorum
1135 2022 1288 2070 canonum
1313 2005 1347 2069 et
1370 2005 1404 2068 in
1423 2021 1504 2087 quan·

276 2109 344 2173 turn
368 2105 407 2172 ud
430 2106 617 2173 acatholicus
640 2107 817 2191 pertineret,
841 2107 1064 2193 legumetiam
1090 2107 1190 2191 Regni
1212 2108 1420 2192 cognoscendi
1441 2107 1504 2173 etin

277 2212 376 2295 primo
407 2210 472 2277 loro
502 2209 671 2278 decidendi.
717 2215 892 2278 rissessoree
923 2211 1015 2278 buius
1046 2212 1225 2278 Sousistorii
1256 2210 1437 2278 nominandi
1463 2228 1504 2293 pe

276 2316 423 2382 testatem
448 2313 546 2380 Nobis
568 2332 777 2394 reservamnsr
808 2315 1001 2382 declaramus
1025 2335 1110 2395 rero,
1135 2315 1163 2382 si
1185 2315 1381 2400 contingeret
1401 2315 1506 2398 aliquus

278 2418 447 2486 Canonicos
470 2418 648 2486 honorarius
664 2419 821 2487 Ecclesiae
838 2419 1093 2505 Metropolitsnae
1110 2419 1331 2504 Strigoniensis
1349 2419 1383 2486 in
1400 2419 1505 2486 ambitu

276 2523 368 2588 huius
391 2521 568 2588 vicariatus
590 2523 844 2608 Budspcetieusis
867 2523 1024 2602 babitare,
1048 2524 1118 2590 illos
1138 2525 1205 2608 ipso
1225 2524 1306 2590 iacto
1326 2527 1361 2590 et
1389 2525 1428 2590 de
1448 2523 1504 2606 jure

276 2626 396 2693 iuturus
419 2645 486 2694 esse
508 2629 683 2694 dssmmres
706 2627 885 2694 consistorii
910 2627 1066 2711 dllppalis
1089 2627 1353 2710 Budapeetiensis.
1382 2625 1504 2694 Senatus

276 2729 369 2796 huius
390 2732 563 2797 consistorii
586 2731 742 2797 constabit
763 2750 798 2798 ex
822 2732 888 2816 ipso
911 2731 1032 2796 vicario
1060 2729 1198 2815 dllppali
1227 2749 1282 2798 cen
1313 2730 1460 2797 Praeside
1481 2731 1505 2794 et

274 2833 393 2900 duobus
423 2835 653 2914 Assessoribus,
686 2837 758 2902 ruta
786 2836 964 2903 terentibus.
1012 2834 1243 2919 Appellaticnes
1265 2853 1283 2900 a
1305 2833 1504 2900 decisionibus

275 2941 307 3005 et
329 2939 492 3006 sententiis
514 2938 694 3005 consistorii
719 2939 809 3004 huius
831 2938 907 3006 deut
925 2939 964 3005 sd
981 2939 1205 3006 consistorium
1224 2937 1339 3004 Vicarii
1355 2935 1506 3003 Generalis

274 3041 504 3128 strigoniensis,
528 3061 548 3107 a
570 3042 660 3107 buius
685 3061 754 3107 veru
778 3041 958 3108 Consisturii
982 3041 1186 3110 decisionibus
1208 3041 1248 3108 od
1267 3039 1378 3108 Sedem
1397 3041 1506 3106 Prima·

273 3147 392 3213 tialem.
445 3146 516 3212 Pari
545 3146 661 3212 ratione
693 3145 768 3212 llent
798 3145 910 3212 deinde
939 3146 1162 3231 appellationes
1191 3165 1211 3212 a
1242 3144 1433 3212 Consisterie
1461 3163 1504 3209 sen

275 3249 353 3316 Sede
385 3249 522 3334 dllppali
555 3249 747 3316 ‘l'iruariensi
783 3249 822 3314 sd
852 3248 961 3316 Sedem
994 3249 1170 3334 dllppalem
1205 3248 1504 3334 strigoniensem

276 3354 368 3420 buius
391 3372 462 3420 sero
484 3353 689 3420 decisionibus
712 3356 744 3420 et
766 3353 930 3420 sententiis
953 3353 993 3419 ad
1014 3353 1124 3419 Sedere
1150 3353 1375 3420 primatialem.
1422 3353 1504 3419 Sacro

144 3531 145 3534 Ἴ
274 3457 368 3524 Sedes
390 3457 545 3542 Allppalis
567 3456 790 3542 Strigcniensis
820 3456 926 3542 itaque
956 3476 1010 3541 pro
1033 3447 1163 3542 utraque
1189 3455 1288 3524 Sede:
1319 3456 1503 3523 Tirnarieosi

273 3562 393 3629 scilicet
412 3565 445 3628 et
468 3561 704 3645 Bndapestiensi
729 3561 827 3627 lorum
851 3561 1087 3646 appellatorium
1111 3561 1298 3639 constituet,
1328 3562 1423 3628 huius
1445 3577 1503 3626 reru

273 3665 373 3731 lorum
395 3665 575 3732 revisorinm
600 3684 654 3731 seu
673 3664 909 3750 appellatorium
932 3667 1022 3749 prout
1037 3665 1194 3749 hucusque
1209 3667 1288 3744 erat,
1310 3665 1357 3731 ita
1372 3666 1503 3747 deinceps

272 3787 393 3852 quoque
415 3768 555 3836 manebit
577 3767 677 3838 iorum
700 3770 797 3854 ipsius
818 3769 988 3854 dllpiscopi
1012 3771 1044 3835 et
1068 3769 1225 3838 Primatis.

379 3871 517 3938 Habebit
538 3891 609 3938 sero
630 3871 661 3940 S.
684 3870 779 3938 Sedes
803 3872 958 3956 Allppalie
983 3871 1236 3955 Bndspestiensis
1265 3872 1423 3956 proprium
1446 3871 1499 3936 llo

272 3975 408 4052 tarium;
439 3993 528 4059 porro
557 3975 711 4060 proprium
743 3975 857 4042 rincnli
885 3975 1124 4042 matrimonialis
1154 3979 1186 4043 et
1209 3976 1373 4062 religiosae
1396 3975 1500 4060 proies

272 4079 367 4146 sionis
389 4078 588 4158 defensorem,
611 4079 703 4144 subin
725 4079 833 4146 liscum
856 4079 1110 4160 consistorialem,
1131 4099 1219 4164 porro
1235 4081 1421 4148 aduocatum
1437 4096 1500 4164 parr-

273 4201 379 4266 pcrnm
402 4184 434 4248 et
456 4183 589 4250 medicos
612 4181 855 4262 consistoriales,
886 4202 962 4269 quos
993 4201 1099 4250 ornnes
1121 4183 1301 4251 nominandi
1326 4185 1498 4268 potestaten

272 4283 370 4350 Nebis
393 4287 620 4352 successoribus
643 4285 766 4352 Nostris
788 4305 993 4355 reservamus.

376 4387 478 4469 Quum
501 4406 589 4471 porro
611 4391 679 4454 tota
697 4388 853 4454 ordinaria
871 4389 1013 4474 Elpisuupi
1032 4389 1220 4475 jurisdictio,
1242 4390 1320 4457 Sede
1336 4386 1498 4474 llpiscopuli

274 4491 402 4553 vacante
425 4491 463 4552 ad
487 4489 663 4576 Capitulum
687 4490 871 4558 cattedrale
894 4495 1048 4574 transeat,
1070 4495 1129 4572 ita,
1154 4497 1188 4559 ut
1211 4493 1385 4579 Capitulum
1410 4493 1498 4560 ullam
