3168 4898
312 175 355 237 De
374 181 526 241 erectione
543 178 718 238 vicariatus
741 175 995 251 Budnpesltenein
1015 170 1122 246 (1892).
1277 152 1340 225 327

99 461 232 522 tularern
258 459 289 522 in
312 458 408 522 alium
434 457 597 522 transferre
621 461 723 541 queat,
747 457 858 522 relatio
881 457 976 520 trium
996 454 1207 520 vicariatuum
1232 453 1269 517 ad
1294 457 1341 518 in·

101 563 196 626 vicem
220 565 357 644 tempore
380 561 460 624 sedis
480 559 636 644 alippalis
656 561 804 638 vacantis,
828 579 901 644 prae
919 559 1015 624 oculis
1032 557 1138 621 habita
1156 556 1249 621 hacce
1266 556 1341 620 iuris

98 664 240 729 canonici
262 664 469 747 dispositione,
493 683 587 747 prono
603 663 664 728 fuit
679 664 765 729 alveo
781 666 813 728 et
829 663 950 728 omnino
964 662 1047 727 clara
1060 661 1108 725 est
1124 662 1155 726 et
1168 661 1340 728 manifesta.

206 767 395 850 Deligandus
410 766 552 832 vicarius
569 765 764 850 capitularis,
784 767 858 850 quin
872 766 932 849 ipsi
951 765 1126 830 stabilitum
1143 784 1196 847 pro
1211 766 1341 848 alvoque

99 871 260 936 vicariatu
284 871 475 936 territorium
499 872 664 935 immutare
687 870 804 948 liceret,
828 889 922 954 quum
947 887 1036 952 penes
1059 867 1147 932 illurn
1171 868 1270 933 solum
1294 889 1341 934 re·

97 975 201 1040 sideut
220 975 397 1058 jurisdictio
419 975 573 1040 ordinaria
596 973 635 1039 ad
659 978 756 1040 totam
780 993 813 1039 se
844 973 1009 1040 extendens
1038 971 1256 1051 ADioecesim,
1287 993 1339 1037 ne·

98 1079 249 1144 cessarias
282 1081 314 1143 et
351 1081 538 1162 opportunas
573 1079 812 1144 communicabit
849 1098 917 1143 cum
957 1080 1086 1160 utroque
1122 1076 1243 1142 vicario
1276 1079 1339 1142 tam

99 1182 315 1260 Timaviensi,
335 1202 427 1266 quam
455 1181 690 1265 Budapestiensi
713 1182 897 1259 facultates,
926 1180 979 1263 qui
1002 1179 1196 1245 subordinati
1219 1179 1341 1245 vicario

98 1286 271 1370 Capitularl
294 1286 403 1370 hisque
424 1285 626 1351 facultatibus
649 1285 799 1369 praediti,
822 1305 883 1368 qua
908 1285 1021 1349 vicarii
1044 1282 1263 1350 Districtuales
1287 1283 1341 1350 ad-

99 1391 322 1456 ministrabunt
352 1389 485 1454 creditos
515 1408 606 1454 curae
636 1409 710 1454 suae
733 1389 912 1456 Districtus.
961 1387 1205 1480 Amplitudinem
1230 1388 1339 1453 harum

97 1495 287 1560 facultatum
317 1493 524 1559 determinare
554 1493 708 1577 spectabit
731 1493 770 1558 ad
794 1492 953 1558 vicarium
977 1491 1205 1576 capitularem,
1236 1493 1288 1577 qui
1311 1493 1337 1558 si

97 1601 147 1664 ita
167 1599 333 1684 placuerit,
364 1617 489 1664 normae
512 1597 651 1663 adinstar
669 1597 815 1664 adhibere
838 1598 952 1682 poterit
975 1595 1134 1663 Statntum
1159 1598 1195 1662 v.
1221 1597 1339 1662 visita·

97 1703 194 1769 tionis
217 1702 406 1786 deprecaris
428 1722 447 1767 a
464 1701 698 1768 Praedecessore
714 1702 828 1767 Nostro
844 1701 965 1768 Joanne
982 1700 1145 1765 Cardinale
1160 1698 1339 1787 Scitovszly

97 1808 244 1890 peractae
266 1824 362 1890 agens
390 1805 446 1870 »de
471 1805 628 1870 vicariatu
652 1807 782 1872 vacante
803 1805 882 1890 Sede
905 1805 1225 1888 Archi-episcopalia
1268 1806 1339 1871 Sta·

97 1912 204 1976 tutum
227 1911 320 1976 hocce
343 1912 413 1993 post
436 1928 546 1975 novam
571 1909 784 1974 Vicariatuum
808 1910 922 1975 factam
947 1929 965 1974 a
987 1909 1085 1975 Nobis
1110 1910 1144 1976 in
1166 1911 1337 1994 praesenti·

98 2017 159 2080 bus
181 2013 440 2079 coordinationem
471 2032 531 2078 non
559 2014 692 2096 amplius
725 2013 848 2098 quidem
884 2013 1053 2096 obligabit,
1087 2014 1140 2079 sed
1172 2033 1339 2098 cynosurae

96 2120 199 2184 instar
221 2137 274 2202 per
298 2107 455 2183 vicarium
480 2115 690 2200 capitularem
718 2117 749 2182 in
780 2116 890 2182 dandis
923 2117 1056 2182 vicariis
1086 2117 1280 2184 Tirnaviensi
1307 2121 1340 2182 ct

99 2221 338 2306 Budapestiensi
370 2221 575 2286 facultatibus
607 2221 755 2287 inservire
780 2222 903 2304 poterit.
957 2221 1028 2286 Pari
1060 2223 1150 2288 modo
1172 2222 1203 2286 in
1226 2223 1338 2306 quibus

99 2326 266 2392 Decretum
300 2325 392 2390 bocco
422 2325 555 2390 Decreto
581 2325 743 2390 erectionis
767 2325 944 2391 Vicariatus
966 2325 1174 2392 Timaviensis
1197 2325 1336 2410 derogat,

96 2431 130 2494 in
156 2429 219 2495 illis
247 2430 298 2494 isti
323 2429 453 2494 Decreta
470 2429 659 2512 derogatum
681 2429 793 2495 babere
818 2429 969 2495 volumus.

204 2534 347 2599 Ceterum
375 2552 443 2598 vero
466 2532 673 2616 disponimus,
697 2531 839 2598 volumus
861 2536 894 2598 et
917 2533 1116 2610 mandamiis,
1147 2536 1283 2618 atquae
1306 2535 1337 2600 in

98 2638 231 2703 Decreto
261 2637 354 2703 hocce
383 2637 545 2702 erectionis
574 2656 626 2702 seu
659 2636 896 2702 coordinationis
919 2637 1132 2702 vicariatuum
1158 2640 1279 2704 statuta
1302 2657 1339 2703 ac

96 2741 224 2806 decreta
253 2760 272 2806 a
301 2741 398 2807 Nobis
430 2742 518 2819 sunt,
553 2741 591 2805 ab
623 2741 781 2820 omnibus,
815 2740 853 2805 ad
884 2759 959 2825 quos
989 2742 1140 2824 pertinet,
1171 2747 1278 2808 sancte
1307 2746 1339 2808 et

96 2845 317 2911 conscientiose
348 2845 564 2922 observentur,
601 2863 705 2910 omnes
737 2845 829 2911 buius
858 2845 1044 2911 ADioecesis
1068 2845 1248 2912 Sacerdotes
1272 2850 1337 2914 tain

95 2949 289 3028 saeculares,
313 2968 405 3032 quam
430 2949 605 3033 regulares,
635 2950 668 3012 et
690 2968 795 3014 omnes
817 2949 923 3015 fideles
946 2950 1177 3016 constituendos
1200 2969 1219 3016 a
1241 2952 1338 3017 Nobis

97 3053 238 3119 vicarios
258 3052 440 3119 Generalem
464 3055 496 3118 et
520 3053 746 3137 Allpiscopales
770 3054 925 3120 cautelas
947 3057 1126 3138 agnoscant,
1146 3055 1185 3120 iis
1199 3055 1337 3122 debitam

96 3157 306 3222 obedientiam
332 3158 364 3222 et
388 3157 589 3222 reverentiam
614 3157 788 3237 exhibeant,
812 3157 932 3242 talique
954 3159 1074 3224 ratione
1096 3159 1200 3224 omnia
1226 3160 1339 3226 cedant

95 3262 129 3326 in
154 3261 297 3327 bonorem
319 3263 352 3326 et
373 3261 506 3346 gloriam
531 3261 594 3338 Dei,
619 3260 804 3328 ADioeccsis
827 3262 961 3328 Nostrae
981 3261 1201 3347 strigoniensis
1221 3265 1337 3330 emolu·

96 3367 238 3430 mentum
260 3367 354 3448 atque
373 3366 404 3430 in
427 3364 536 3430 crediti
560 3364 657 3430 Nobis
681 3366 785 3449 populi
808 3366 909 3432 fidelis
931 3367 1065 3431 salntem
1086 3369 1316 3452 sempiternam.

203 3469 238 3533 ln
262 3488 391 3552 quornm
407 3469 501 3534 fidem
517 3469 657 3534 dedimus
674 3469 729 3534 bas
744 3469 849 3554 sigillo
865 3470 1202 3554 subscriptionibusque
1215 3473 1338 3538 Nostris

96 3572 236 3638 munitas
259 3573 381 3638 litteras
400 3573 432 3637 in
456 3574 588 3657 quatuor
611 3573 851 3657 exemplaribus,
882 3594 1011 3658 quorum
1039 3594 1135 3639 unum
1157 3577 1189 3640 in
1213 3576 1338 3642 archivo

97 3677 296 3754 Primatiali,
332 3678 465 3742 alterum
499 3677 530 3742 in
566 3675 759 3759 capitulari,
787 3680 915 3744 tertium
946 3678 977 3742 in
1010 3678 1134 3744 archivo
1164 3680 1338 3746 vicariatus

98 3780 320 3865 ADpiscopalis
342 3781 567 3860 Timaviensis,
590 3785 735 3864 quartum
758 3783 791 3846 in
817 3782 974 3848 Vicariatu
1006 3783 1241 3867 Budapestiensl
1265 3803 1336 3850 con·

96 3885 249 3950 servanda
271 3884 470 3968 disponimus.
513 3885 626 3950 Datum
653 3885 847 3968 Budapctini,
870 3887 919 3951 die
943 3887 1019 3952 15·a
1042 3887 1220 3953 Decembris
1244 3889 1336 3954 1892.

96 3987 246 4056 Claudius
269 4009 309 4054 m.
332 4009 361 4073 p.
379 3988 412 4054 L.
428 3989 459 4054 S.
477 3989 526 4054 sd
543 3990 570 4055 b.
594 3989 794 4056 mandatum:
821 3991 873 4058 Dr.
896 3990 1033 4057 ioannes
1059 3990 1224 4072 Ozernocb,
1248 4013 1290 4061 m.
1307 4013 1336 4076 p.

98 4093 133 4158 D.
159 4091 201 4157 bl.
225 4091 256 4161 S.
281 4091 452 4159 Canonicus
475 4092 682 4159 Cancellariae
707 4093 854 4160 Director.

204 4195 251 4261 Ad
282 4196 470 4281 exigentiam
500 4197 664 4280 praemissi
695 4197 760 4282 jam
797 4198 917 4264 Decroti
952 4199 1146 4266 erectionalis
1177 4201 1336 4266 vicarium

97 4299 281 4366 Generalem
305 4301 459 4366 nominavi
482 4300 608 4366 Illmum
632 4320 669 4367 ac
701 4301 858 4367 Rsslmum
888 4303 990 4368 Duum
1021 4302 1211 4388 Stephanum
1240 4306 1339 4389 blajer

96 4402 135 4468 el.
160 4402 280 4486 Dppum
300 4406 332 4470 et
352 4405 566 4488 Praepositum
584 4404 734 4489 Maiorem
755 4404 829 4472 Van.
846 4406 1034 4491 capitalib.
1051 4407 1095 4474 Μ.
1115 4407 1338 4494 strigoniensis

93 4505 132 4572 do
152 4507 366 4592 jurisdictione
389 4509 474 4575 illius
497 4529 552 4596 ope
576 4511 734 4596 sequentis
758 4511 882 4577 Decreti
905 4511 1110 4596 disponendo:
