3120 4904
254 172 398 244 Beitruqc
417 191 474 228 aar
496 171 688 244 was—atquem
707 171 761 228 der·
785 171 1145 230 llecreiistealitterutar.
1256 156 1320 222 447

70 347 210 430 primam
238 347 356 429 partem
378 345 441 410 leto
463 346 522 412 fine
546 345 752 431 concludite),
782 345 912 410 welcher
942 345 1007 410 sich
1039 345 1119 410 larun
1150 331 1199 412 riie
1224 349 1319 413 nach·

70 450 227 516 stehemle
255 451 463 535 Erlauterung
492 452 547 516 der
578 451 643 515 hier
674 449 893 514 winderholten
919 449 1156 534 Aniangsuorta
1182 451 1235 515 des
1259 451 1319 516 lle·

69 558 177 620 cretes
211 554 415 619 auschliesst:
450 555 563 620 »linitio
593 556 671 619 hanc
699 553 775 618 iuris
806 553 908 618 innuit
931 553 1134 620 diuisionem:
1165 555 1213 620 ius
1235 555 1318 620 aliurl

71 658 230 738 naturale,
255 657 340 722 aliud
364 658 540 742 positivum.
575 659 614 723 lli
633 658 732 740 primo
756 657 887 741 primam
909 658 1039 742 speciem
1062 659 1229 742 exequitur.
1260 658 1319 725 Jus

71 763 221 826 naturale
244 762 340 844 large,
363 762 490 844 largius,
515 761 688 846 largissime
712 761 872 844 accipitur.
906 759 942 826 Iu
964 761 1141 844 largissima
1161 761 1317 846 significa-

69 867 161 931 tione
177 866 290 930 dicitur
307 866 352 930 ris
369 866 462 929 insita
477 866 559 930 omni
577 869 717 930 creature
733 885 752 928 a
768 867 879 929 natura
894 865 925 929 irl
942 868 1021 930 esta
1039 865 1111 942 Deo,
1129 865 1182 949 qui
1198 885 1319 932 summu

69 973 191 1034 natura
214 972 262 1033 est
285 970 429 1033 omniurn.
462 970 505 1033 De
521 989 581 1052 qrra
600 970 628 1032 vi
646 969 780 1032 naturali
795 968 941 1052 procedit,
968 970 1002 1032 ut
1016 967 1105 1033 stelle
1122 988 1229 1034 cursus
1247 989 1317 1036 suos

70 1091 138 1138 non
162 1072 306 1138 deserunt
329 1073 381 1155 (So
399 1073 427 1136 u.
446 1073 544 1156 Cot),
565 1073 646 1156 quod
666 1073 740 1138 luna
763 1092 844 1137 nune
866 1073 956 1156 plena
980 1091 1059 1137 nurrc
1083 1073 1251 1157 semiplena
1275 1075 1318 1140 ri·

69 1177 177 1252 detur,
201 1177 281 1259 quod
305 1195 383 1259 aque
406 1176 444 1240 ad
469 1177 568 1242 lontes
590 1196 661 1242 suos
685 1179 897 1254 revertuntur,
930 1176 1009 1261 quod
1035 1178 1065 1242 in
1090 1178 1232 1243 omnibus
1256 1178 1317 1244 fere

69 1279 193 1344 similia
213 1299 247 1344 ex
270 1281 426 1345 similibus
450 1283 656 1364 procreantur.
703 1279 761 1345 Sed
783 1277 820 1344 ‹le
841 1281 897 1346 hoc
917 1281 986 1364 jure
1009 1281 1169 1364 inquisitio
1192 1281 1316 1346 illorum

70 1385 143 1461 est,
166 1403 241 1466 quos
265 1383 371 1448 muudi
395 1385 482 1449 labor
504 1387 650 1468 exagitet.
686 1383 791 1449 Minus
813 1384 899 1468 large
922 1385 970 1449 ius
994 1385 1134 1451 naturale
1157 1385 1317 1468 accipitur,

71 1489 167 1568 prout
186 1488 268 1551 omni
289 1488 451 1567 animanti,
475 1489 521 1553 ris
543 1490 662 1554 scilicet
686 1489 867 1553 naturaliter
882 1489 977 1553 insita
994 1489 1135 1553 omnibus
1151 1489 1317 1553 animanti·

71 1591 135 1654 bus
159 1644 165 1657 .
191 1642 197 1655 .
224 1644 230 1657 .
257 1591 296 1656 lli
319 1593 364 1656 sic
387 1593 418 1656 in
442 1591 509 1678 lege
533 1593 645 1658 forensi
670 1591 872 1658 describitur:
899 1591 959 1657 Jus
984 1592 1125 1657 naturale
1148 1595 1212 1670 est,
1236 1595 1317 1676 quod

70 1697 190 1760 natura
212 1697 316 1761 omnia
336 1697 441 1762 ‹loeuit
464 1695 621 1764 animalia.
668 1696 702 1761 ln
731 1696 825 1760 tertia
855 1696 1080 1780 significatione
1107 1701 1137 1761 et
1169 1697 1318 1761 strictiori

69 1800 218 1864 naturale
252 1800 299 1866 ius
335 1799 500 1883 accipitur,
536 1805 626 1884 prout
663 1800 745 1866 omni
778 1804 811 1864 et
844 1800 901 1865 soli
930 1799 1045 1865 homini
1069 1799 1235 1883 competit,
1271 1800 1317 1864 ris

68 1902 207 1987 quedam
230 1904 349 1968 scilieet
372 1903 520 1969 divinitus
544 1903 659 1968 homini
679 1901 850 1987 inspirata,
873 1922 933 1986 qua
955 1905 991 1967 ad
1016 1904 1064 1981 id,
1096 1903 1177 1986 qnod
1200 1903 1316 1968 iustum

69 2011 110 2071 et
132 2026 242 2090 equum
267 2009 331 2084 ost,
355 2006 541 2072 naturaliter
561 2007 730 2072 inclinatur
754 2057 760 2071 .
785 2058 793 2074 .
815 2056 822 2073 .
848 2059 854 2074 .
881 2007 948 2072 Wir
972 2008 1069 2072 haben
1095 2007 1159 2071 hier
1181 2005 1316 2071 offeubar

69 2111 131 2174 clas
167 2112 335 2194 Fragment
368 2113 451 2176 einer
485 2109 775 2195 Mosailrnrbeit²⁶⁵)
808 2128 862 2175 ror
894 2128 969 2189 uns,
1010 2111 1059 2174 clio
1096 2109 1187 2174 kaurn
1220 2111 1316 2173 etuas

69 2213 340 2299 Selbststaudiges
364 2213 496 2295 eutitii,
520 2213 594 2279 abor
615 2213 703 2279 nicht
723 2213 803 2278 ohne
825 2211 977 2279 Gesolriclr
998 2211 1156 2294 compilirt
1176 2211 1226 2278 ist.

179 2431 242 2500 255)
261 2431 354 2502 Vergl.
373 2431 415 2486 die
433 2430 503 2486 Diat.
522 2428 544 2484 1.
564 2427 674 2494 Rufiu'c,
693 2427 845 2498 Stephana
863 2427 911 2483 der
928 2427 1038 2482 Summa
1056 2427 1158 2484 Monac.
