3228 4908
252 171 312 236 132
354 225 358 234 ·
562 197 670 270 conpr.
692 198 767 272 app.
788 207 816 256 er
837 203 905 272 nep.
928 206 954 258 a.
975 205 1000 258 r.
1019 203 1095 259 noa.
1119 205 1192 260 raes

248 379 451 446 siinterdnm
476 393 569 442 eausa
591 373 733 458 legitima
761 377 919 454 occurrat,
953 394 1007 441 cur
1036 377 1190 460 quispiam
1220 377 1329 444 Sacros
1359 378 1493 445 Ordines

246 485 396 568 suscipiat
422 481 554 548 triennio
574 478 710 545 noudum
733 479 870 563 expleto,
901 481 964 563 peti
996 481 1108 564 poterit
1140 482 1177 545 ab
1210 482 1388 565 Apostoliea
1418 484 1493 546 sede
1593 548 1594 559 ,

247 589 443 674 dispensatio,
468 588 503 651 ut
524 585 662 652 Clericus
686 585 757 649 vota
779 583 927 649 solemnia
952 603 1127 669 nuncupare
1151 586 1247 668 possit
1267 587 1409 668 quamuis
1430 605 1491 652 nou
1593 634 1594 679 3

247 692 413 776 expleverit
435 689 616 766 triennium,
647 687 747 772 qrroad
779 687 928 754 instituta
956 707 1025 755 roro
1053 693 1191 758 uotorum
1215 689 1418 772 simplicium,
1457 695 1492 754 nt
1593 686 1594 709 ³

247 801 319 862 vota
338 794 491 878 simplicia
513 793 659 878 perpetua
682 791 825 856 emittere
848 792 953 875 possit,
977 793 1118 876 quamuis
1134 811 1194 860 uon
1211 794 1329 876 expleto
1346 798 1490 875 ternpore

245 921 264 967 a
286 899 447 983 respectivi
470 897 611 962 instituti
634 895 913 961 Constitutionibus
936 899 1125 980 praescripto
1148 917 1202 980 pro
1225 897 1410 980 professione
1435 917 1491 962 uo·

245 1007 347 1070 torum
371 1000 556 1086 simplicium
583 1002 807 1084 perpetuorum.

347 1107 406 1174 Ill.
441 1104 664 1189 Dispositiones
689 1105 850 1170 contectae
870 1104 902 1168 in
925 1103 1047 1168 decreto
1069 1101 1099 1169 S.
1121 1105 1154 1172 G.
1179 1103 1308 1170 Concilii
1331 1105 1417 1170 iussu
1440 1124 1491 1170 sa.

244 1229 302 1279 mo.
335 1209 450 1276 Urbani
483 1209 566 1274 Vlll.
596 1209 679 1274 edito
709 1207 758 1273 die
787 1208 839 1275 21.
870 1207 1060 1290 Septembris
1097 1209 1181 1274 1624
1212 1209 1353 1292 incipian.
1382 1209 1491 1276 Sacra

245 1315 454 1399 Oonprcputio,
481 1332 516 1378 ac
538 1312 570 1377 in
593 1312 716 1377 decreto
732 1312 868 1378 eiusdem
890 1311 919 1376 S.
938 1310 972 1377 G.
987 1313 1071 1377 iussa
1087 1331 1129 1380 sa.
1148 1332 1205 1378 me.
1224 1312 1396 1378 innocentii
1412 1313 1490 1382 ΧΗ.

243 1417 327 1484 edito
350 1418 400 1482 die
423 1419 474 1484 24.
499 1435 593 1482 mans.
615 1417 686 1481 lulii
707 1416 778 1480 anui
801 1416 894 1493 1694,
920 1416 1062 1500 incipian.
1084 1417 1290 1495 quenalibus,
1315 1437 1350 1482 ec
1366 1419 1396 1480 iu
1413 1417 1491 1482 aliis

244 1523 375 1588 decretis
399 1521 612 1605 generalibus,
641 1521 751 1604 quibus
781 1520 944 1586 methodus
966 1520 1128 1586 ordinatur
1150 1541 1169 1586 a
1189 1520 1403 1604 Superioribus
1425 1520 1491 1586 Or·
1593 1506 1594 1529 ³

243 1626 348 1691 clinum
374 1625 574 1709 Regularium
597 1624 747 1690 seruanda
769 1625 799 1689 in
822 1625 1008 1708 expellendis
1039 1625 1169 1708 propriis
1193 1625 1340 1696 alumnis,
1372 1625 1487 1688 uedurn

242 1731 272 1793 in
296 1748 351 1795 suo
374 1729 480 1794 robore
501 1731 642 1807 manent,
666 1729 719 1795 sed
739 1729 907 1794 servandae
930 1729 1134 1812 imponuntur
1154 1730 1248 1794 etiarn
1273 1729 1492 1812 Superioribus

242 1833 460 1898 Institutorum
485 1835 625 1898 uotorum
647 1833 853 1916 simplicium,
887 1834 1008 1918 quoties
1040 1837 1152 1918 agatur
1175 1832 1212 1897 de
1236 1833 1339 1916 aliquo
1361 1833 1491 1898 alumno

242 1937 313 2002 vota
335 1937 488 2021 simplicia
515 1937 640 2020 quidem
663 1936 716 2002 sed
740 1939 889 2020 perpetua
910 1937 1064 2021 proiesso,
1099 1937 1146 2003 vel
1178 1937 1258 2002 rotis
1291 1937 1489 2020 simplicibus

240 2041 447 2124 temporaneis
467 2040 616 2106 adstricto
639 2059 674 2106 ac
697 2041 728 2105 in
752 2041 847 2105 sacris
867 2042 991 2124 insuper
1007 2040 1177 2107 Ordinibus
1195 2043 1363 2106 constituto
1377 2040 1489 2106 dimit

240 2145 352 2221 tondo;
382 2144 429 2209 ita
459 2147 495 2210 nt
527 2145 637 2210 horum
666 2145 821 2211 nemiuem
853 2147 886 2210 et
910 2145 969 2229 ipsi
993 2145 1151 2210 dimittere
1175 2144 1315 2222 valeant,
1344 2147 1380 2210 ut
1401 2163 1489 2210 nuno

241 2249 360 2314 dictum
382 2252 443 2325 ost,
464 2249 523 2315 uisi
546 2249 584 2314 ob
606 2249 728 2332 culpam
752 2267 896 2334 grauem,
921 2251 1094 2328 externam,
1118 2251 1150 2314 et
1172 2249 1345 2332 publicam,
1369 2251 1401 2313 et
1425 2249 1486 2313 nisi

239 2351 402 2438 culpabilis
420 2354 463 2417 sit
484 2353 579 2418 etiam
599 2352 833 2438 incorregibilis.
865 2352 908 2419 Ut
930 2357 1034 2419 autem
1051 2353 1121 2438 quis
1136 2353 1362 2437 incorrogibilis
1376 2371 1486 2418 reuera

239 2456 398 2536 habeatur,
414 2455 592 2540 Superiores
607 2456 805 2540 praemittere
821 2455 943 2535 debent,
967 2457 1124 2522 distinctis
1143 2457 1343 2540 temporibus,
1362 2456 1481 2522 trinam

239 2559 479 2626 admonitionem
503 2561 536 2626 ot
550 2561 785 2639 correctionem
807 2579 869 2645 qua
888 2561 966 2627 nibil
982 2561 1158 2645 proficiente
1172 2560 1350 2644 Superiores
1366 2560 1482 2625 debent

235 2682 411 2748 processum
434 2667 542 2731 contra
564 2665 793 2748 delinquentem
821 2666 991 2744 instruere,
1025 2683 1182 2749 processus
1213 2665 1397 2731 resultantia
1428 2684 1483 2728 ao-

236 2771 343 2835 cusato
367 2769 551 2847 contestari,
574 2768 673 2835 eidem
695 2771 820 2852 tempus
843 2787 1013 2854 congruum
1036 2769 1218 2846 concedere,
1250 2787 1310 2852 quo
1332 2787 1404 2834 suas
1425 2769 1482 2832 de-

234 2870 387 2938 fensiones
409 2873 473 2939 sire
496 2893 549 2956 per
570 2891 617 2952 sa,
648 2872 712 2938 sire
743 2893 797 2956 per
826 2874 922 2939 alium
950 2873 1088 2940 eiusdem
1120 2873 1261 2939 instituti
1285 2872 1480 2956 religiosum,

235 2974 377 3041 exhibere
401 2976 524 3054 ualeat;
556 2976 636 3059 quod
668 2977 695 3042 si
728 2981 891 3046 accusatus
927 2979 991 3062 ipse
1023 2978 1160 3062 proprias
1193 2977 1384 3042 detensiones
1419 2995 1478 3041 uun

235 3079 488 3163 praesentaverit,
512 3079 666 3163 Superior,
683 3099 736 3147 seu
753 3081 911 3161 Tribunai,
929 3081 1130 3162 ostensorem,
1147 3084 1298 3164 utsupra,
1315 3081 1478 3146 alumnum

235 3181 397 3266 respectiui
420 3182 562 3250 Instituti
586 3203 622 3250 ex
644 3184 744 3251 officio
765 3187 952 3252 constituere
974 3185 1108 3254 debebit.
1139 3186 1215 3251 Post
1238 3186 1313 3251 baec
1331 3183 1479 3268 Superior

235 3303 306 3352 cum
326 3305 381 3353 suo
404 3285 538 3354 Consilio
560 3289 748 3354 sententiam
768 3289 953 3374 expulsionis
984 3293 1040 3355 eut
1068 3289 1255 3355 dimissionis
1279 3287 1481 3372 pronuntiare

234 3391 357 3474 poterit,
381 3410 460 3476 quae
483 3393 586 3458 tamon
609 3393 729 3459 nullum
755 3393 897 3460 olfactum
924 3394 1052 3459 hebebit
1074 3395 1100 3460 si
1121 3394 1341 3460 condemnatus
1363 3412 1382 3457 a
1404 3411 1477 3458 sen-

235 3495 334 3562 teutia
365 3496 485 3580 prolatu
511 3496 571 3562 rite
602 3497 641 3562 ad
672 3497 702 3565 S.
734 3497 767 3564 0.
793 3498 853 3564 Sil.
885 3501 917 3563 et
949 3498 1013 3565 RR.
1046 3498 1266 3583 appellaverit,
1301 3498 1397 3564 donec
1426 3515 1480 3580 per

233 3597 375 3664 eamdem
396 3597 427 3666 S.
450 3599 484 3666 G.
507 3598 700 3667 definitivum
724 3601 871 3667 iudicium
896 3602 1049 3686 prolatum
1073 3621 1132 3668 uon
1155 3601 1259 3666 fuerit.
1283 3637 1325 3648 --
1348 3601 1477 3682 Quoties

234 3702 338 3767 autem
371 3702 517 3787 grauibus
547 3723 582 3770 ox
609 3705 711 3770 causis
742 3705 923 3790 procedendi
956 3705 1120 3772 methodus
1153 3705 1332 3789 supradicta
1360 3705 1477 3770 servari

235 3808 375 3890 nequeat,
400 3810 474 3873 tune
496 3825 637 3874 recursus
658 3809 764 3875 haberi
784 3808 895 3876 debeat
916 3810 955 3875 ad
980 3810 1058 3875 banc
1080 3809 1110 3875 S.
1128 3808 1163 3873 C.
1188 3809 1225 3872 ad
1250 3809 1394 3874 adactum
1417 3808 1472 3873 ob·

233 3909 351 3975 tiuondi
381 3909 641 3994 dispensationem
665 3931 682 3977 a
705 3913 954 3979 solemnitatibus
985 3912 1199 3998 praescriptis,
1231 3915 1262 3979 et
1290 3910 1473 3977 facultatem
1594 3937 1595 3998 j

233 4013 415 4097 procedendi
437 4016 604 4081 summario
627 4015 716 4083 modo
738 4017 825 4083 iuxta
847 4018 964 4101 praxim
989 4017 1143 4102 vigentem
1175 4017 1256 4101 apud
1284 4017 1364 4081 haue
1387 4015 1417 4084 S.
1439 4015 1473 4082 0.

335 4116 390 4182 IV.
423 4117 549 4184 Alumui
570 4121 709 4186 uotorum
729 4121 929 4200 solemnium,
957 4120 1006 4188 vel
1033 4119 1219 4205 simplicium
1243 4121 1472 4204 perpetuorum,
1594 4127 1595 4196 l

232 4219 280 4285 uel
302 4221 530 4304 temporalium,
553 4222 585 4287 in
606 4221 708 4290 Sacris
730 4223 896 4291 Ordinibus
919 4226 1102 4304 constituti,
1136 4224 1189 4308 qui
1214 4224 1331 4308 expulsi
1356 4223 1405 4288 vel
1427 4223 1474 4287 di·

232 4324 318 4390 missi
342 4324 466 4404 luerint,
490 4329 636 4411 perpetuo
658 4328 799 4414 suspensi
824 4332 978 4410 maneant,
999 4329 1094 4396 donec
1114 4348 1133 4394 a
1155 4331 1185 4394 S.
1202 4328 1281 4394 Sede
1305 4328 1365 4394 alio
1382 4327 1473 4393 modo

231 4427 275 4491 eis
293 4427 489 4508 consulatum
520 4449 555 4497 ao
589 4433 746 4515 praeterea
777 4433 960 4517 Episcopum
992 4432 1173 4499 benevolum
1205 4433 1391 4515 receptorem
1425 4431 1474 4496 iu·

231 4531 380 4612 uenerint,
403 4535 435 4598 et
457 4533 494 4598 de
518 4534 725 4603 ecclesiastico
749 4538 933 4620 patrimonio
953 4537 1012 4602 sibi
1036 4537 1235 4621 providerint.
