3168 4898
307 172 349 231 ile
368 176 521 232 erectione
537 174 712 230 vicariatus
735 171 989 244 Budnpeslteosis
1009 171 1116 237 (1892).
1271 149 1333 216 329

93 349 148 414 aad
181 349 273 413 debet
302 348 561 432 dispensationem
596 369 613 412 a
644 347 771 412 Summo
803 348 952 412 Pontifice
979 349 1081 429 petere
1111 344 1186 409 mibi
1219 347 1251 408 et
1284 361 1332 406 re-

94 453 230 536 spective
262 453 382 516 Vicario
417 451 563 518 Generali
600 453 805 536 Strigoniensi
840 451 1072 534 pertractandas
1105 447 1334 518 reservaverim,

93 557 163 622 ideo
192 559 264 640 qnia
293 559 441 640 rescripta
470 557 647 640 Apostolica
676 557 714 620 ad
746 555 942 621 Ordiuarium
967 555 1086 619 directa
1107 572 1161 636 per
1185 553 1265 616 bunc
1289 550 1335 615 vol

93 681 149 744 per
172 660 329 725 Vicarium
360 660 540 726 Generalem
573 660 759 734 executioni,
778 659 917 724 mandari
951 659 1073 724 debent
1127 655 1335 739 Subdelegavi

95 784 166 830 vera
189 765 281 830 Illmo
304 785 341 831 ac
365 765 485 830 lissima
509 765 637 830 Domino
659 764 782 830 Vicario
806 763 998 828 Timaviensi
1015 762 1198 828 facultatem
1214 760 1336 842 dispen-

93 869 183 934 sandi
219 870 347 952 urgente
380 869 487 935 mortis
523 869 657 952 periculo
691 869 728 933 de
763 887 825 950 qna
855 885 954 933 sermo
984 870 1033 932 est
1066 867 1094 930 in
1127 863 1336 930 Circnlaribus

96 973 294 1038 Diocaesanis
314 972 430 1039 litteris
445 974 510 1040 -sub
536 972 611 1038 lii-a
635 972 711 1056 llaji
736 972 829 1040 1888.
854 973 909 1038 Nr.
931 969 1025 1036 2606.
1048 969 1225 1055 publicatis.

200 1076 365 1142 Decretum
390 1096 460 1143 vero
475 1077 559 1142 Illmi
576 1095 612 1142 11
629 1077 742 1142 tissimi
761 1075 881 1141 Domini
898 1075 1015 1140 Vicarii
1032 1071 1333 1156 Arabi-lipiscopalis

99 1181 350 1265 Budapestiensis
374 1183 422 1246 est
443 1181 599 1265 sequentis
621 1179 756 1245 tenoris:

562 1310 740 1375 Venerabili
769 1309 871 1375 Vratri

356 1431 571 1498 illustrissimo
595 1451 630 1497 ac
655 1431 920 1498 Reverendissimo
944 1431 1077 1496 Domino

482 1553 758 1620 VERDINANDO
779 1552 948 1630 osanne,

95 1659 189 1724 electo
213 1657 377 1739 Episcopo,
402 1655 583 1740 Praeposito
608 1656 664 1723 88.
685 1658 853 1724 1111111111
875 1657 914 1724 de
935 1656 1107 1736 Felbtvoie,
1133 1655 1173 1720 Ε.
1190 1655 1239 1722 Μ.
1256 1653 1338 1720 Stri-

467 1763 629 1843 corsiensis
652 1761 811 1829 Ocooatco
832 1768 887 1827 etc.
911 1767 965 1828 etc.

306 1855 445 1955 Salutem
469 1891 502 1954 in
528 1891 658 1957 Domino
681 1890 925 1974 Sempitemam!

202 2011 303 2094 Quum
327 2030 402 2076 onus
425 2012 606 2096 episcopalis
631 2013 795 2078 ministerii
816 1997 898 2078 tant
921 2012 963 2076 sit
986 2011 1149 2088 momenti,
1183 2013 1218 2075 nt
1245 2010 1340 2074 etiam

96 2116 176 2199 ipsis
198 2115 347 2199 angelicis
370 2115 506 2181 humeris
531 2117 757 2182 formidandum
781 2117 937 2194 videatur,
969 2116 1093 2198 Nosque
1122 2133 1246 2198 gregem
1279 2114 1342 2179 Do-

97 2221 176 2285 mini
198 2219 439 2303 copiosissimum
463 2222 670 2304 acceperimus
693 2220 899 2305 pascendum,
931 2237 1020 2304 opere
1044 2220 1175 2302 pretinm
1199 2218 1342 2283 duximus

97 2326 130 2389 in
155 2324 423 2390 administratione
445 2324 762 2409 Archi-ilpiscopatus
777 2323 998 2408 Strigoniensis
1013 2342 1103 2408 quem
1120 2321 1342 2388 sanctissimus

100 2428 251 2493 Dominus
274 2427 386 2493 Noster
413 2428 473 2493 beo
501 2429 585 2512 Papa
606 2428 693 2494 Xlll.
719 2432 840 2494 nostrae
862 2427 1071 2493 imbecillitati
1092 2426 1341 2510 superimposuit,

99 2533 239 2597 Vicarioe
261 2531 384 2597 idoneos
407 2532 565 2608 advocare,
589 2535 621 2598 et
644 2533 768 2616 quidem
793 2551 888 2597 unum
904 2531 1079 2616 generalem
1095 2529 1340 2614 strigoniensem

98 2639 132 2702 et
162 2636 237 2701 duos
267 2635 579 2720 Archi-Episcopales
611 2636 756 2702 videlicet
786 2635 1017 2701 Tirnaviensem
1049 2636 1082 2699 et
1111 2653 1163 2718 pro
1192 2636 1293 2698 erecto
1324 2653 1343 2698 a

98 2739 198 2806 Nobis
221 2742 359 2805 recenter
383 2740 534 2805 Districtu
558 2739 792 2824 Budapestiensi
815 2740 1098 2822 Budapestiensem.
1132 2737 1212 2802 llum
1237 2739 1341 2803 antem

98 2844 138 2908 de
161 2843 284 2909 Vicario
305 2843 597 2928 Archi-Episcopali
621 2844 785 2910 Districtui
809 2844 956 2909 Vicariali
986 2842 1222 2926 Bndapestiensi
1254 2859 1343 2925 prae·

99 2948 230 3013 liniendo
253 2947 475 3032 cogitavimus,
507 2949 604 3014 aciem
633 2949 745 3014 mentis
770 2949 903 3014 Nostrae
925 2949 1133 3012 convertimus
1155 2947 1188 3011 in
1209 2947 1343 3012 Venera-

99 3052 195 3117 bilem
222 3052 460 3118 Fraternitatem
483 3053 635 3127 Vestram,
660 3053 698 3117 de
718 3053 805 3116 cuius
826 3052 987 3128 fidelitate,
1011 3052 1177 3136 probitate,
1201 3049 1342 3128 scientia,

98 3157 133 3221 in
157 3155 286 3240 agendis
306 3157 495 3239 experientia
517 3160 549 3222 et
572 3157 756 3223 dexteritate
780 3157 869 3241 plene
896 3156 1021 3234 conlisi,
1053 3154 1096 3220 nil
1121 3155 1344 3232 dubitavimus,

99 3261 176 3344 quin
197 3260 230 3323 in
255 3259 370 3324 Eadem
394 3259 608 3324 fidelissimum
632 3261 820 3344 adjutorium
847 3261 983 3325 babituri
1007 3260 1113 3325 simus.
1151 3258 1344 3342 Quapropter

100 3371 207 3428 tenore
241 3365 449 3446 praesentium
486 3363 700 3429 Venerabilem
736 3365 977 3430 Fraternitatem
1010 3365 1152 3429 Vestram
1186 3362 1344 3427 Vicarium

102 3469 254 3534 Nostrum
278 3467 520 3552 Allpiscopalem
540 3472 572 3532 et
596 3468 766 3534 Causarum
790 3469 974 3534 Auditorem
1000 3467 1273 3550 Budapestiensem
1290 3484 1344 3531 no·

101 3571 256 3638 minamns
279 3573 371 3654 atque
394 3571 630 3650 constituimus,
662 3573 823 3657 sequentes
854 3591 914 3637 nna
939 3571 1045 3636 itidem
1070 3567 1275 3654 impertiendo
1296 3569 1343 3634 ia-

102 3675 248 3753 cultates,
280 3675 363 3741 intra
392 3677 545 3741 ambitum
577 3677 670 3742 erecti
694 3696 713 3742 a
736 3677 833 3742 Nobis
856 3677 1025 3742 Districtus
1051 3674 1215 3740 Vicarialis
1240 3673 1343 3738 Buda-

104 3779 268 3862 pestiensis
291 3779 491 3846 exercendas:

211 3885 238 3947 1.
273 3883 520 3968 Subdelegamus
553 3902 658 3948 omnes
689 3884 754 3948 sina
788 3884 964 3966 exceptione
998 3883 1165 3948 facultates
1200 3901 1218 3945 a
1251 3881 1347 3946 Sacra

105 3986 349 4052 Paenitentiaria
374 3987 513 4052 Romana
536 3987 574 4052 ad
598 3987 840 4070 quinquennium
864 3985 1345 4052 111112.1“111111111.1892.

105 4109 158 4175 pro
188 4091 254 4157 loro
284 4091 405 4157 interno
435 4091 533 4157 Nobis
562 4110 722 4157 concessas
754 4096 786 4157 et
816 4091 1081 4158 11011111111111
1106 4091 1205 4157 Dioeo.
1230 4088 1347 4154 litteris

107 4214 134 4260 a.
160 4196 253 4262 1892.
278 4215 348 4281 pag.
374 4197 426 4262 22.
451 4195 704 4262 communicatas.

209 4301 239 4364 2.
261 4299 505 4384 Subdslegamus
528 4318 633 4365 omnes
657 4319 710 4383 pro
729 4301 794 4366 loro
815 4301 938 4365 externo
962 4319 988 4366 a.
1013 4298 1045 4368 S.
1069 4299 1146 4366 Sede
1170 4297 1348 4381 Apostolira

108 4402 146 4466 od
165 4404 407 4487 quinquennium
428 4403 503 4468 ddto
525 4405 623 4469 tii-aa
645 4402 823 4469 Decembris
849 4405 942 4471 1891.
966 4407 1109 4488 acceptas
1131 4403 1297 4468 facultates
1317 4404 1349 4466 et

108 4505 140 4570 in
162 4507 370 4574 circularibus
393 4507 529 4574 Dioeces.
553 4507 667 4574 litteris
690 4527 719 4574 a.
745 4508 838 4574 1892.
864 4527 934 4594 pag.
958 4509 1009 4573 20.
1032 4507 1286 4574 communicatas.

139 4619 491 4670 arenvmxoenenreor.
509 4619 599 4668 cxxx.
1205 4613 1247 4678 22
