3228 4908
268 165 330 231 ¹4⁶
496 199 556 254 Leo
575 183 659 252 xlvi.
678 195 719 246 ad
740 191 830 262 eptae.
851 193 921 248 Ital.
941 197 978 251 dc
996 201 1078 250 secta
1099 198 1286 251 muaaontca.

265 374 501 463 oppuguandam
525 371 616 437 fidem
640 369 775 434 divinam
805 367 946 432 infinitae
976 369 1081 466 artes;¹
1111 369 1182 432 binc
1211 373 1332 451 spreta,
1364 387 1518 453 oppressa

266 482 398 567 legibus,
421 479 562 563 legitima
586 475 740 541 Ecclesiae
764 473 901 568 libertas.
938 472 1107 556 Receptum
1130 479 1161 537 et
1178 473 1318 538 doctrina
1336 479 1368 538 et
1385 493 1433 552 rc,
1460 493 1517 540 non

265 587 341 662 vim,
374 603 431 649 non
456 583 604 648 rationem
628 579 661 645 in
686 577 824 643 Ecclesia
848 577 1000 658 perlectae
1023 577 1181 643 societatis
1205 577 1325 644 inesse:
1357 579 1519 642 antistare

265 689 507 773 rempublicam,
539 701 704 766 sacraeque
738 681 885 764 potestati
918 679 1125 764 principatum
1161 682 1282 745 civilem
1315 683 1518 746 antecedere.

265 795 310 860 lix
331 813 392 875 qua
416 789 556 856 doctrina
579 785 748 872 perniciosa
770 785 803 850 at
824 784 920 863 laisa,
949 782 1038 850 Sedis
1063 784 1256 868 spostolicae
1278 785 1397 868 jndicio
1421 805 1519 868 saepe

264 898 421 972 damnata,
445 913 514 958 cnm
539 883 622 957 mala
644 889 743 955 multa
767 890 1004 972 consequuntur,
1030 893 1096 953 tum
1123 889 1180 954 boc
1205 891 1343 968 maxims,
1374 892 1409 955 nt
1436 891 1519 954 inl·

265 1005 336 1068 rant
359 1019 391 1065 se
411 998 632 1083 gubernatores
654 994 699 1059 rei
721 992 832 1070 civilis,
856 1011 914 1076 quo
932 993 1058 1058 minime
1073 993 1119 1058 fas
1135 995 1191 1070 est,
1216 1013 1271 1058 nec
1288 997 1461 1062 vereantur
1478 995 1517 1060 ad

264 1125 297 1171 se
323 1103 485 1169 traducere
508 1099 588 1184 qnod
613 1097 768 1164 Ecclesiae
790 1097 990 1162 detraxerint.
1032 1097 1154 1163 Videtis
1177 1099 1209 1163 in
1231 1097 1388 1163 beneficiis
1412 1100 1518 1164 eccle-

264 1209 399 1273 siasticis
419 1205 497 1271 illud
521 1203 611 1288 quale
634 1201 690 1281 sit,
721 1201 802 1286 quod
830 1201 881 1284 jus
912 1201 1098 1285 percipiendi
1130 1202 1248 1268 fructus
1278 1202 1335 1267 sibi
1360 1209 1519 1287 arrogant

264 1313 356 1390 dara,
381 1311 520 1389 demere,
542 1307 580 1374 ad
605 1307 780 1372 arbitrium.
826 1305 891 1370 Nec
915 1306 1047 1370 alterurn
1072 1308 1174 1371 minus
1197 1307 1398 1385 insidiosum,
1429 1308 1518 1391 quod

265 1417 388 1484 Clarum
412 1413 565 1480 inferioris
584 1410 699 1477 ordinis
723 1410 914 1494 permulcere
935 1410 1136 1493 pollicitando
1157 1411 1307 1496 cogitant.
1348 1411 1440 1493 Quae
1469 1431 1518 1476 res

263 1540 407 1605 quorsum
433 1517 595 1603 pertineat,
620 1515 711 1580 focile
734 1517 781 1579 est
805 1514 963 1597 dispicere,
989 1515 1120 1580 maxime
1143 1516 1215 1599 qnia
1238 1515 1295 1598 ipsi
1319 1517 1413 1598 bajus
1438 1536 1517 1581 eon·

264 1623 326 1690 silii
351 1627 489 1690 auctores
510 1640 570 1687 non
593 1618 670 1685 satis
693 1619 802 1683 curant
824 1617 979 1682 occultare
995 1618 1068 1702 quid
1088 1619 1192 1686 velint.
1228 1621 1342 1684 Volunt
1359 1619 1514 1685 nimirum

264 1728 462 1794 administros
485 1741 642 1790 sacrorum
662 1723 692 1788 in
714 1724 818 1806 partes
840 1741 912 1787 snas
934 1722 1046 1788 blande
1069 1723 1260 1807 compellere,
1284 1724 1516 1808 permistasque

264 1831 359 1897 semel
379 1830 470 1895 robus
492 1828 577 1894 novis
600 1829 638 1892 ab
661 1827 807 1910 obsequio
827 1825 988 1912 legitimae
1010 1827 1175 1910 potestatis
1199 1828 1353 1894 divellere.
1390 1827 1515 1908 Quam-

262 1953 355 2021 quam
380 1933 460 1999 baud
482 1933 559 1999 satis
582 1931 640 1997 hac
662 1932 693 1996 in
715 1950 747 1996 re
771 1931 913 1995 videntur
937 1929 1124 1995 elericorum
1161 1933 1332 1998 nostratum
1358 1951 1514 2016 cognosse

263 2040 428 2106 virtutem:
450 2037 502 2121 qui
525 2055 598 2102 sane
620 2038 668 2101 tot
689 2035 752 2120 jam
776 2053 881 2115 annos,
905 2035 971 2100 tarn
996 2036 1104 2101 multis
1127 2035 1224 2100 modis
1248 2036 1382 2113 exerciti,
1406 2055 1514 2101 exem-

264 2144 314 2228 pla
336 2142 543 2208 abstinentiae
565 2143 597 2206 at
620 2137 692 2205 fidoi
714 2139 836 2205 edidere
860 2158 919 2205 non
936 2140 1076 2218 obscura,
1101 2142 1136 2205 nt
1151 2141 1276 2205 omnino
1290 2139 1512 2206 confidendum

263 2249 316 2326 sit,
340 2247 372 2312 in
394 2246 500 2312 eadem
523 2245 671 2330 religione
694 2243 797 2322 ollicii,
820 2243 1055 2327 qualiacumque
1075 2246 1213 2327 tempora
1235 2244 1418 2322 inciderint,
1446 2246 1513 2310 Deo

267 2351 418 2436 adjutore,
442 2351 621 2416 constanter
643 2365 867 2433 permansuros.

367 2456 410 2521 At
432 2473 502 2519 vero
526 2473 562 2518 ax
584 2453 640 2532 bis,
664 2469 744 2538 quaa
763 2452 951 2537 perbreviter
971 2451 1144 2536 attigimus,
1168 2452 1259 2516 facile
1283 2455 1411 2537 apparet
1432 2453 1511 2536 quid

262 2559 361 2644 possit
389 2559 474 2625 secta
505 2557 680 2624 blasconam
711 2557 847 2640 itemque
878 2555 952 2640 quid
984 2558 1107 2640 expetat
1130 2559 1167 2622 ut
1188 2559 1370 2621 extremum.
1418 2556 1510 2638 Quod
1589 2567 1590 2572 ’

264 2665 368 2729 autem
391 2665 485 2747 auget
508 2661 635 2740 malum,
658 2661 798 2746 quodque
821 2661 959 2746 cogitare
975 2663 1040 2728 sina
1057 2679 1171 2745 magna
1186 2661 1282 2725 animi
1297 2658 1511 2726 sollicitudine

263 2785 322 2832 non
343 2785 518 2850 possumus,
552 2766 644 2831 nimis
675 2765 766 2830 multi
789 2765 884 2832 etiam
908 2783 943 2830 cx
966 2767 1156 2832 nostratibus
1179 2773 1400 2840 numerantur,
1429 2784 1511 2848 quos

262 2889 372 2936 nomen
402 2872 505 2935 sectae
535 2887 698 2952 operamvc
730 2869 822 2950 dare,
857 2889 982 2936 snamm
1015 2889 1084 2952 spes
1120 2869 1295 2935 utilitatum
1329 2871 1362 2934 ct
1394 2865 1511 2936 'misera

262 2975 392 3040 ambitio
411 2973 538 3056 subigit.
559 3009 601 3019 -
619 2971 704 3052 Quae
718 2991 787 3038 cnm
803 2973 849 3039 ita
865 2973 938 3053 sint,
958 2974 1162 3058 episcopalem
1177 2975 1342 3040 caritatem
1359 2975 1507 3050 vestram,

261 3079 391 3163 urgente
407 3077 594 3160 propositum
611 3077 798 3144 conscientia
813 3063 917 3157 oflicii,
932 3078 1133 3162 appellamus,
1152 3076 1349 3144 venerabiles
1367 3077 1507 3154 Fratres,

260 3181 293 3248 in
309 3181 476 3265 primisque
491 3181 625 3265 petimus
641 3182 807 3262 uteorum,
832 3199 907 3266 quos
923 3182 1011 3249 modo
1027 3183 1170 3262 diximus,
1195 3183 1237 3247 sit
1255 3183 1332 3247 votis
1348 3181 1508 3266 proposita

262 3285 365 3351 salus:
398 3286 430 3350 in
460 3285 500 3351 iis
531 3286 570 3349 ab
593 3302 694 3351 errore
716 3287 948 3372 certissimoque
972 3287 1100 3352 interitu
1123 3285 1302 3352 revocandis
1326 3287 1451 3352 assidua
1474 3289 1508 3350 et

261 3391 438 3456 constanter
462 3393 563 3455 vestra
582 3391 680 3456 certet
694 3389 857 3455 industria.
893 3391 1050 3457 Ertricare
1072 3409 1167 3474 posse,
1194 3392 1245 3474 qui
1269 3409 1301 3456 sc
1325 3391 1505 3456 Massonum

261 3493 423 3578 impedivit
444 3495 476 3558 in
500 3494 618 3579 plagas,
643 3513 689 3560 res
713 3494 849 3577 protecto
871 3498 920 3560 est
942 3498 973 3560 at
997 3494 1087 3560 multi
1103 3495 1220 3578 negotii
1237 3495 1269 3560 et
1284 3493 1377 3572 exitu,
1393 3511 1506 3576 auceps

261 3599 409 3663 siceotae
431 3598 590 3681 ingenium
614 3600 785 3682 spectatum
808 3599 921 3664 nullius
943 3602 1048 3665 tamen
1065 3597 1257 3682 desperanda
1275 3598 1407 3675 sanatio,
1431 3597 1506 3681 quia

261 3701 401 3766 caritatis
423 3701 607 3783 apostolicae
633 3703 710 3768 mira
733 3703 778 3768 vis
802 3705 865 3783 est,
891 3702 957 3769 Deo
979 3703 1125 3768 nimirum
1148 3701 1338 3785 opitulante,
1361 3699 1451 3784 cujus
1472 3700 1503 3764 in

262 3805 416 3886 potestate
439 3805 627 3888 arbitrioque
651 3807 735 3890 ipsae
759 3811 832 3872 sunt
855 3808 1014 3873 hominnm
1038 3806 1221 3872 voluntates.

364 3906 442 3973 Dein
466 3909 676 3976 excubandum
700 3911 731 3975 in
754 3929 875 3976 omnem
898 3913 1105 3990 occasionem,
1137 3914 1172 3976 ut
1203 3910 1305 3975 sanari
1334 3909 1356 3974 ii
1382 3927 1501 3992 quoqne

259 4013 388 4097 possint,
410 4012 462 4096 qui
479 4013 648 4080 timiditate
665 4015 695 4079 in
715 4015 770 4081 boc
789 4035 901 4100 genere
916 4018 1062 4098 peccant:
1085 4015 1138 4100 qui
1155 4014 1298 4079 videlicet
1319 4032 1377 4078 nen
1394 4017 1503 4097 suopte

260 4117 383 4201 ingenio
406 4135 517 4201 pravo,
543 4117 596 4182 scd
621 4119 751 4185 mollitia
774 4119 869 4184 animi
893 4123 985 4203 atque
1008 4119 1111 4203 inopie
1132 4118 1250 4185 consilii
1275 4118 1313 4183 ad
1337 4117 1500 4183 lavandum

259 4221 375 4305 coeptis
399 4220 581 4287 Massaniois
601 4221 796 4290 delabuntur.
842 4222 1015 4288 Admodum
1041 4223 1144 4306 gravis
1167 4225 1214 4287 cst
1240 4222 1297 4287 illa
1321 4221 1432 4287 Felicis
1455 4220 1501 4284 lIl

260 4323 426 4390 decessoris
450 4325 555 4392 Nostri
577 4325 608 4390 in
632 4326 710 4392 hano
733 4347 798 4392 rem
821 4327 994 4392 sententia:
1027 4327 1143 4407 Error,
1174 4329 1225 4394 cui
1247 4347 1312 4392 non
1333 4326 1499 4398 resistitur,

258 4427 470 4509 approbatum
493 4435 521 4496 ct
541 4431 672 4509 veritos,
694 4451 772 4512 quac
794 4451 856 4496 non
878 4430 1069 4513 defensatur,
1094 4431 1285 4512 opprimitur
1309 4480 1315 4495 .
1340 4479 1347 4494 .
1372 4479 1379 4494 .
1428 4429 1500 4494 Non

258 4538 342 4596 caret
356 4533 502 4612 scrupulo
516 4535 671 4601 societatis
686 4537 831 4612 occultae,
856 4539 910 4616 qni
925 4535 1057 4600 evidenti
1074 4536 1214 4614 facinori
1227 4534 1343 4598 desinit
1360 4533 1491 4597 obviare.
