3228 4908
263 206 293 262 S.
310 207 420 278 Goaqr.
441 206 531 264 Ourna.
548 211 578 262 d.
596 209 622 262 7.
638 207 720 264 Jata
737 207 813 263 1892
831 208 937 279 quoad
955 209 1113 264 decretam
1131 208 1276 264 Tametsr.
1331 188 1391 256 141

209 385 240 446 3.
275 379 369 447 Dour.
392 380 422 446 d.
447 385 477 447 7.
497 379 584 448 tuta
606 383 714 447 1892:
738 379 848 446 Dubio
870 381 976 464 quoad
996 381 1152 448 demotum
1174 381 1323 446 Tametsi.

412 509 596 575 Beatissimo
621 510 723 588 Pater,

254 621 301 686 Ad
332 621 424 706 pedes
453 620 636 689 sanctitatis
670 622 798 689 Vestrae
829 624 1007 707 provolutus
1037 621 1218 690 Ordinarius
1247 626 1392 706 Argenti-

148 726 251 790 nensis
274 726 448 808 expostulat
470 726 654 792 solutionem
677 727 715 792 ad
738 727 898 810 sequentia
922 727 1036 793 dubia:

255 831 288 894 1⁰
311 832 359 895 An
382 829 589 913 protestantes
609 830 745 896 civitatis
769 829 900 906 colmar,
923 831 986 915 qui,
1009 832 1121 897 saltem
1143 831 1183 898 ab
1200 851 1279 898 auno
1300 833 1391 908 lot-³2,

145 953 238 999 suurn
272 933 388 1000 habent
417 934 588 1018 templum,
624 933 737 1018 quique
769 935 868 1018 legem
901 935 1115 1002 'tridentinam
1146 955 1301 1020 nunquam
1336 939 1388 1002 ob·

145 1040 321 1116 servarunt,
344 1037 487 1104 censendi
512 1037 575 1103 sint
595 1039 633 1102 ab
658 1038 715 1103 hae
739 1037 808 1122 lega
831 1039 989 1123 exempti?

251 1143 287 1208 2⁰
311 1141 387 1208 Cum
412 1141 489 1222 alia,
516 1143 572 1208 hao
596 1143 628 1207 in
654 1141 809 1220 Dionaea,
836 1143 939 1209 adsint
961 1143 1044 1222 looa,
1070 1143 1102 1208 in
1126 1143 1237 1228 quibus
1260 1143 1390 1211 dornrsu

146 1247 295 1330 temporis
328 1247 534 1330 protestantes
567 1246 748 1312 distinctam
782 1247 982 1313 efformarunt
1017 1246 1198 1314 civitatem:
1235 1250 1388 1333 quodnam

146 1351 322 1434 requiratur
353 1351 502 1434 temporis
535 1350 751 1426 intervallum,
788 1351 824 1416 ut
862 1351 909 1418 lex
945 1350 1128 1417 Tridentino
1158 1353 1309 1418 censenda
1339 1353 1390 1430 sit,

148 1455 324 1539 hujusmodi
359 1456 390 1520 in
419 1453 510 1532 louis,
544 1455 644 1539 quoad
679 1456 885 1540 protestantes
920 1475 974 1539 per
1008 1474 1065 1521 non
1100 1457 1327 1522 observantiam
1358 1457 1391 1522 iu

148 1558 384 1624 desuetudinem
407 1558 545 1624 abiisse?

409 1663 499 1730 Faria
525 1663 576 1740 lv,
598 1663 648 1728 die
671 1663 701 1728 6.
724 1661 802 1730 Jutii
830 1663 922 1729 1892.

252 1767 287 1832 ln
313 1766 561 1853 Congregatione
584 1766 723 1854 generali
748 1765 780 1834 S.
806 1768 962 1834 Romanae
987 1772 1019 1832 et
1045 1767 1234 1834 Universalis
1255 1767 1389 1852 Inquisi·
1519 1754 1525 1767 ’

146 1871 241 1937 tionis
265 1872 334 1937 lomi
356 1891 391 1936 aa
416 1870 774 1937 animoteonesta
794 1871 825 1936 in
846 1873 938 1938 rebus
960 1872 1030 1938 fidei
1047 1874 1079 1937 et
1094 1891 1212 1938 morurn
1230 1874 1390 1956 geum-ales

146 1975 350 2060 inquisitores
384 1975 547 2060 propositis
577 1975 795 2060 suprascriptis
826 1975 929 2040 dubiis
957 1996 993 2041 ao
1023 1975 1204 2060 praehabito
1227 1979 1297 2043 voto
1324 1977 1390 2042 ill).

148 2078 378 2159 consultorum,
403 2078 578 2164 responderi
602 2080 806 2148 mandarunt:

251 2183 299 2248 ad
326 2185 354 2249 1.
380 2184 557 2250 Reformato
580 2183 673 2249 dubio
695 2186 787 2268 prout
809 2184 949 2267 sequitur
970 2203 1096 2268 nempe:

252 2290 301 2354 An
324 2289 538 2354 Protestantes
562 2286 699 2354 civitatis
719 2288 842 2355 Colman
864 2287 1007 2353 censendi
1023 2288 1087 2353 sint
1103 2307 1122 2353 a
1136 2287 1238 2372 eapite
1253 2287 1392 2356 Tametsi

146 2391 229 2457 sauri
253 2391 381 2458 (tonoilii
401 2391 575 2458 Tridentini
598 2393 756 2476 exempti?

255 2495 403 2580 Respond.
431 2496 529 2563 Juxta
559 2515 701 2579 eaquae
730 2495 789 2562 lrao
819 2495 857 2561 de
885 2515 918 2578 re
941 2495 1138 2578 apostolieae
1159 2493 1231 2561 Sedi
1253 2497 1390 2578 exposita

149 2599 235 2677 sunt,
258 2597 455 2666 affirmative.

252 2703 299 2768 nd
323 2705 352 2768 2.
376 2704 413 2768 In
436 2703 546 2770 deoisis
569 2703 646 2769 teria
666 2702 721 2780 IV,
745 2702 794 2767 die
816 2703 846 2771 5.
871 2702 947 2769 Julii
975 2702 1066 2782 1848,
1089 2719 1208 2787 nempe,
1230 2721 1390 2768 recurren-

141 2807 219 2872 dum
241 2807 273 2872 in
293 2807 414 2873 casibus
439 2807 687 2891 particularibus,
710 2811 742 2872 et
764 2807 803 2872 ad
828 2809 971 2872 mentem.
1009 2807 1094 2872 liena
1116 2809 1219 2872 autem
1251 2811 1300 2872 est
1321 2807 1391 2872 nul·

144 2911 212 2976 lum
240 2910 387 2996 temporis
419 2911 554 2995 spatium
588 2911 744 2990 sulficere,
778 2915 814 2976 ut
846 2912 894 2976 lex
926 2911 1097 2978 tridentina
1132 2913 1193 2978 rim
1227 2909 1387 2998 obligandi

143 3016 285 3082 amisisse
309 3019 472 3082 conseatur
494 3016 596 3102 aliquo
619 3015 650 3080 in
674 3016 739 3082 looo
760 3035 811 3100 per
833 3015 1005 3100 simplicem
1028 3015 1290 3083 inobservantiam
1314 3017 1387 3080 irae·

144 3122 325 3188 retieomm.

407 3207 496 3272 l'aria
520 3205 546 3271 V
567 3207 635 3272 loeo
658 3205 713 3285 lv,
737 3206 787 3272 die
811 3207 841 3273 7.
864 3207 943 3273 Julii
969 3207 1063 3274 1892.

253 3311 350 3377 l'aota
371 3314 475 3378 autem
498 3329 517 3376 a
542 3312 576 3378 ll.
599 3311 636 3377 P.
660 3309 697 3377 D.
722 3311 888 3377 Adsessore
910 3310 940 3379 S.
965 3311 1023 3377 ou.
1045 3310 1083 3376 de
1102 3311 1211 3378 iisdem
1228 3311 1388 3378 resolutio·

147 3414 239 3480 nibus
262 3415 410 3482 relatione
432 3414 527 3481 SSmo
551 3416 587 3481 D.
605 3415 643 3480 N.
665 3415 757 3480 Leoni
782 3415 838 3482 [tei
863 3415 952 3481 Pror.
972 3415 1030 3484 ΡΡ.
1050 3415 1151 3490 xiil..
1175 3415 1259 3481 Idam
1276 3413 1388 3480 SSmus

148 3519 187 3586 D.
212 3519 250 3587 ll.
276 3519 419 3585 llmorum
444 3519 506 3585 ΡΡ.
529 3519 730 3585 resolutiones
753 3519 945 3604 approbarit.

252 3623 300 3708 (is
324 3622 369 3708 S.)
564 3623 651 3708 Siga.
676 3623 699 3690 1.
721 3623 882 3702 Mancini,
905 3623 937 3691 S.
962 3623 997 3689 R.
1021 3624 1054 3689 et
1077 3622 1113 3690 U.
1134 3621 1159 3690 Ι.
1183 3622 1342 3690 Notarius.

335 3779 373 3846 F.
419 3779 473 3846 Ea
494 3778 527 3846 S.
553 3777 795 3864 Uorspropotione
815 3779 854 3846 de
877 3777 1092 3863 Propopoada
1117 3777 1207 3846 mae.

148 3919 288 3973 litterae
307 3919 377 3974 Emi
395 3918 547 3987 Praestat
560 3919 602 3974 ad
616 3917 805 3974 &dinarios
820 3918 1213 3984 Statuamsoederatoram
1229 3919 1389 3976 Amertcue

415 4010 543 4076 reptent.
563 4007 668 4076 quoad
683 4007 865 4061 electionem
884 4003 1122 4075 &ascoperam

409 4117 499 4183 lllme
522 4120 554 4183 et
578 4116 654 4182 Rmo
677 4116 825 4186 Domine!

256 4229 482 4315 Benignissime
503 4229 624 4295 divinae
646 4230 857 4313 providentiae
877 4229 1004 4297 oonsilio
1019 4230 1127 4296 reterri
1143 4229 1279 4314 proiecto
1299 4229 1390 4295 (lebet

143 4333 226 4418 qnod
252 4335 282 4400 in
307 4335 499 4400 nobilissima
521 4332 667 4399 Statuum
697 4333 934 4400 Foederatorum
965 4334 1150 4418 Republica,
1179 4351 1273 4419 quam
1303 4333 1387 4399 omni

144 4439 343 4506 humanitate
364 4441 397 4504 et
419 4439 506 4505 uultu
530 4437 607 4503 adeo
629 4437 736 4504 llorere
759 4437 973 4523 oonspieimus‚
1001 4439 1045 4502 ita
1067 4436 1254 4504 catholicum
1280 4456 1389 4504 nomen

142 4545 322 4610 eonstiterit
344 4546 377 4608 et
399 4543 523 4626 uigeat,
545 4547 580 4604 ut
601 4543 662 4606 iam
686 4542 852 4627 plurimum
878 4542 909 4606 in
933 4559 965 4605 se
987 4541 1100 4606 oinium
1123 4549 1154 4608 et
1175 4544 1389 4607 extraneorum
