3168 4898
260 161 322 229 322
365 179 464 238 Aleten
476 181 552 239 acer
563 184 613 240 dic
624 182 813 256 Enictlang
824 185 908 240 eines
918 181 995 238 erat.
1011 179 1166 238 vicariatu
1175 183 1210 237 r'n
1222 179 1381 252 Budaperr
1393 181 1482 248 (rem).

259 355 371 433 sitnm,
400 355 438 420 ab
466 355 522 421 illa
552 356 754 440 approbatum
778 358 809 422 et
834 357 1028 440 acceptatum
1052 355 1121 420 luit.
1169 353 1311 439 Expotito
1338 355 1441 438 itaque
1460 361 1485 418 et

258 462 383 543 accepto
407 460 477 525 voto
499 461 531 525 et
552 459 678 526 consilio
703 459 896 526 Venerabilis
913 445 1047 544 Capituli
1068 459 1221 525 Ecclesiae
1240 458 1485 541 Metropolitanus

257 563 487 648 strigoniensis,
511 564 756 648 coordinatisque
776 565 1008 650 quaestionibus
1031 563 1069 630 ad
1085 565 1343 629 sustentationem
1361 565 1393 626 et
1408 563 1484 626 habi·

258 668 406 734 tationem
431 668 637 734 constituendi
664 667 778 734 llicarii
806 667 961 752 AEppalis
989 667 1244 751 Budapestiensis
1275 666 1487 751 spectantibus,

256 771 418 856 procedere
435 773 501 856 jam
524 772 692 856 potuissem
716 773 754 838 ad
782 772 956 839 vicariatus
978 772 1070 837 buius
1085 771 1280 837 erectionem.
1315 771 1487 852 Priusquam

257 880 361 942 tumen
389 877 446 942 hoc
476 876 633 957 iecissem,
665 876 873 943 coordinanda
904 879 972 942 erat
994 877 1103 942 relatio
1124 876 1315 940 vicariorum
1343 873 1488 956 AEpisco

258 981 374 1066 palium
406 981 437 1045 iu
470 981 639 1048 bDioecesi
667 983 732 1065 juni
765 985 797 1047 et
831 981 988 1065 bucusque
1021 981 1217 1045 existentium
1250 978 1490 1059 stabiliendoque

257 1085 379 1150 illorum
413 1085 587 1169 jurisdictio
623 1087 656 1152 et
691 1085 722 1150 in
757 1085 857 1170 specie
892 1085 1125 1151 constituendus
1162 1084 1302 1148 l'icarius
1335 1080 1492 1166 generalis,

257 1190 359 1272 quoad
386 1191 621 1273 causalitatem
653 1209 821 1257 causarum
851 1191 943 1256 lotias
966 1189 1135 1256 Dioeccsis.
1181 1189 1304 1254 Etenim
1328 1185 1490 1252 secundum

258 1294 306 1376 jus
337 1296 515 1360 canonicum
547 1293 587 1360 ad
616 1294 792 1377 generalem
819 1293 1011 1360 vicariatum
1035 1293 1203 1376 requiritur
1237 1294 1292 1357 »ut
1312 1293 1383 1356 tum
1408 1309 1491 1374 gene-

257 1397 365 1463 ralitas
388 1397 534 1476 locorum,
556 1415 609 1464 seu
632 1397 728 1464 totius
746 1397 912 1476 Dioecesis,
936 1402 1003 1462 tum
1027 1416 1097 1463 uero
1120 1397 1312 1480 generalitas
1336 1413 1492 1460 causarum

255 1500 314 1585 ipsi
336 1503 499 1568 commissa
521 1501 632 1588 sit1).«

360 1624 454 1690 Porro
488 1622 647 1689 »vicarius
681 1623 818 1708 Episcopi
853 1623 934 1689 alius
966 1625 1015 1689 est
1042 1621 1201 1688 Generalis
1232 1620 1494 1706 subprincipalis,

214 1799 216 1808 s
256 1727 308 1811 qui
333 1727 543 1811 principaliter
565 1747 656 1812 saper
686 1728 791 1794 eodem
822 1727 972 1793 tribunali
996 1727 1137 1810 Episcopi
1161 1727 1243 1792 vices
1266 1727 1349 1808 gerit
1373 1743 1494 1808 cognos-

231 1831 351 1897 'ceudo
374 1850 483 1897 causas
504 1851 609 1898 omnes
633 1831 669 1898 ad
700 1831 796 1897 iorum
828 1830 907 1896 illud
937 1833 1132 1914 spectantes,
1164 1831 1210 1896 ita
1240 1833 1361 1906 mareu,
1398 1833 1433 1894 ut
1461 1827 1494 1892 ad

258 1934 448 2000 vicariatum
483 1935 664 2002 Generalem
699 1935 874 2021 requiratur
908 1934 1135 2002 administratio
1164 1937 1195 2000 iu
1226 1934 1445 2018 spiritualibus
1470 1933 1493 1996 ei

256 2039 443 2122 generaliter
472 2039 637 2106 commissa
665 2040 766 2125 quoad
790 2039 894 2105 omnia
924 2039 1007 2118 loca,
1034 2057 1088 2104 seu
1111 2040 1211 2104 totam
1236 2038 1423 2103 Dioeccsim.
1466 2037 1494 2102 Si

256 2144 337 2208 enim
361 2143 549 2209 constitutus
572 2144 671 2210 solum
694 2144 737 2210 sit
759 2143 895 2209 limitato
917 2145 1039 2209 tautum
1064 2161 1117 2227 pro
1138 2143 1192 2222 iis,
1223 2143 1275 2227 qui
1308 2141 1342 2206 iu
1370 2143 1494 2208 civitate

255 2248 420 2332 episcopali
443 2267 497 2314 seu
516 2247 549 2313 iu
572 2267 633 2332 qua
655 2253 703 2314 est
724 2249 812 2314 sedes
838 2247 1026 2332 Episcopalis
1048 2252 1081 2314 et
1104 2247 1245 2332 Episcopi
1271 2246 1411 2332 degunt,
1443 2267 1494 2310 non

255 2354 357 2434 potest
378 2352 495 2418 censeri
514 2352 542 2418 is
560 2371 626 2418 esse
650 2352 822 2436 generalis,
852 2353 910 2418 etsi
939 2352 984 2418 sic
1006 2352 1216 2436 appellaretur
1239 2401 1246 2418 .
1271 2402 1280 2418 .
1304 2401 1311 2416 .
1336 2351 1422 2432 Quia
1447 2351 1495 2414 boc

254 2454 320 2539 ipso
343 2455 388 2522 ita
411 2456 572 2522 restrictus
595 2456 634 2521 ad
659 2456 816 2523 uirtutem
838 2455 999 2522 dumtaxat
1016 2475 1075 2521 nou
1091 2455 1167 2521 lacit
1181 2456 1261 2521 idem
1278 2455 1493 2522 consistorium

254 2578 324 2626 cum
346 2559 512 2645 Episcopo,
541 2561 594 2627 sed
623 2560 749 2627 babebit
775 2559 1022 2645 jurisdictionem
1047 2558 1298 2644 ajarisdictionc
1322 2557 1493 2644 Episcopali

254 2662 395 2743 diuisam,
417 2683 544 2750 eamque
567 2664 813 2752 delegatam2).«
1173 2655 1175 2659 ’

358 2785 427 2851 Non
449 2786 634 2852 absimiliter
657 2786 784 2855 Boetia:
819 2786 954 2853 »Vicarii
978 2786 1130 2871 generalis
1155 2788 1295 2872 Episcopi
1314 2786 1494 2872 jurisdictio

253 2891 301 2954 est
321 2891 527 2957 essentialiter
549 2891 654 2975 aliquo
681 2909 772 2956 seusu
802 2890 983 2956 universalis
1012 2891 1113 2974 quoad
1136 2892 1326 2957 territorium
1352 2911 1410 2958 sen
1434 2909 1494 2975 per·

253 3012 343 3060 sonas
365 2997 397 3060 et
419 2995 518 3078 quoad
542 2996 715 3080 causasl).‹
763 2995 807 3060 Ex
830 2995 941 3079 quibus
964 2995 1008 3060 sic
1030 2996 1208 3061 concludit:
1243 2996 1346 3080 »Ergo
1380 2995 1495 3079 siquis

253 3097 385 3165 vicarius
417 3099 559 3183 Episcopi
591 3102 724 3184 nequeat
758 3099 961 3183 episcopalem
997 3099 1244 3183 jurisdictionem
1279 3100 1496 3166 universaliter

250 3221 397 3277 exercere,
415 3203 526 3269 saltem
544 3203 575 3268 in
592 3203 696 3287 aliquo
711 3222 813 3280 sensu,
832 3203 856 3268 is
874 3222 1067 3287 nequaquam
1084 3205 1254 3270 censendus
1276 3209 1324 3270 est
1342 3203 1495 3288 generalis

254 3305 394 3388 Episcopi
418 3305 574 3386 vicarius,
606 3307 658 3373 sed
683 3325 785 3372 merus
813 3308 976 3372 durumxat
999 3307 1178 3391 delegatas;
1211 3328 1247 3374 ac
1281 3309 1409 3392 proinde
1441 3307 1494 3390 ipsi

252 3409 430 3476 nullatenus
460 3411 662 3495 applicandae
694 3411 822 3476 veniunt
852 3411 930 3494 juris
965 3411 1135 3478 communis
1168 3412 1384 3496 dispositiones
1422 3431 1495 3496 quae

253 3511 390 3584 vicarios
411 3515 576 3581 Generales
600 3513 787 3598 respiciunt,
810 3515 863 3580 sed
889 3533 943 3579 eae
965 3534 1043 3597 qliae
1067 3517 1103 3580 ad
1128 3516 1286 3601 delegatos
1308 3517 1493 3582 referuntur.

252 3617 289 3683 In
319 3617 378 3682 hac
409 3621 514 3685 autem
545 3619 719 3686 conditione
749 3621 924 3685 versaretur
948 3619 1091 3684 Vicarius
1117 3639 1207 3704 quem
1236 3621 1294 3687 sibi
1325 3620 1493 3705 Episcopus

251 3720 454 3788 substitueret
483 3741 537 3806 pro
567 3723 670 3808 aliquo
701 3723 863 3788 dumtaxat
893 3722 1041 3789 dioecesis
1072 3743 1146 3789 suae
1178 3724 1341 3800 districtu,
1372 3723 1493 3792 etiamsi

253 3825 412 3890 universas
434 3843 543 3893 causas
564 3827 597 3892 iu
618 3827 675 3892 boc
698 3827 843 3894 districtu
865 3826 926 3912 ipsi
948 3828 1178 3906 committeret;
1211 3832 1304 3914 atque
1327 3831 1405 3894 item
1435 3830 1491 3902 ille,

252 3929 301 3995 cui
326 3929 492 4014 Episcopus
511 3931 749 4016 generalitatem
774 3950 937 3998 causarum
961 3931 1020 3998 sibi
1042 3951 1221 4014 reservans,
1254 3933 1375 4018 aliquos
1406 3935 1491 3998 dum·

250 4035 338 4100 arat
360 4053 516 4118 expressas
539 4025 749 4102 committeret
771 4036 867 4103 etiam
890 4037 921 4102 in
944 4039 1011 4103 tota
1033 4035 1174 4104 dioecesi.
1222 4038 1308 4103 Talis
1331 4039 1414 4103 eninr
1439 4037 1488 4100 Vi·

250 4138 352 4203 carius
373 4138 458 4205 nullo
476 4138 666 4207 sufficienter
690 4157 760 4206 uero
780 4159 872 4207 sensu
895 4140 1049 4226 generalis
1072 4140 1134 4208 dici
1155 4144 1285 4226 potest«

355 4345 380 4412 l)
401 4347 575 4416 bagmam,
593 4347 626 4402 In
644 4361 703 4416 cap.
721 4347 843 4404 Βοηιιιιι
862 4349 883 4405 Ι.
902 4349 942 4404 De
961 4349 1049 4404 cilicio
1067 4348 1168 4405 vicarii
1186 4349 1216 4406 in
1234 4350 1311 4406 Vl·o.

354 4428 383 4495 2)
402 4429 583 4496 Laurentiae,
602 4429 643 4485 De
661 4429 776 4487 vicariis
794 4431 937 4504 Epporura,
957 4453 1014 4504 cap.
1033 4435 1054 4490 l.
1075 4451 1120 4505 qu.
1138 4435 1163 4490 8.

355 4513 383 4580 3)
401 4513 442 4568 De
458 4514 542 4583 indic.
562 4517 592 4571 P.
610 4513 648 4572 Π.
666 4515 700 4571 il.
721 4517 744 4572 1.
764 4533 837 4589 prop.
856 4521 889 4575 V.
