3228 4908
246 139 309 206 124
524 161 552 218 S.
572 161 683 235 conpr.
705 164 764 220 llil.
783 164 1203 234 &recommendamus

348 337 378 401 2.
404 336 452 401 Aa
475 332 570 401 iidem
593 334 773 402 Sacerdotes
793 337 964 404 orationem
980 355 1035 422 pro
1050 337 1155 405 eodem
1172 335 1408 422 angustissimo
1429 335 1494 399 Im-

244 441 402 523 peratore,
435 438 557 525 quando
580 443 627 507 est
650 442 688 506 ab
712 441 877 509 Ordiuario
898 443 1069 527 imperata,
1099 442 1232 508 debeant
1253 459 1375 508 sumere
1397 441 1495 524 prout

246 543 336 623 iacet,
361 545 408 612 vel
428 546 605 612 ommittere
627 565 792 630 pronomen
816 547 956 616 Noster?

348 650 378 716 3.
404 651 453 716 An
475 649 507 715 iu
530 649 636 716 eodem
661 650 808 731 Decreta,
839 652 892 718 ubi
926 651 1114 737 praecipitur
1142 649 1280 718 Oollecta
1301 668 1356 733 pro
1379 647 1495 715 eodem

245 754 476 840 augustissimo
501 754 690 838 Imperatore
712 756 743 820 iu
769 755 882 835 Missis,
906 776 943 822 ea
967 757 1077 823 verba:
1102 755 1230 822 »diebus
1250 756 1354 820 tamen
1373 754 1495 836 quihus

244 877 297 942 por
320 858 468 924 [lubricas
491 858 615 925 licebit«
641 859 685 924 sic
709 859 842 944 intelligi
868 861 1009 940 debeant,
1035 863 1070 928 nt
1092 859 1189 944 aliqui
1211 858 1328 936 volunt,
1352 860 1389 923 ut
1413 857 1495 921 haec

246 963 386 1029 Oollecte
416 965 547 1047 nequeat
576 965 680 1034 omitti
710 964 742 1029 in
768 965 873 1030 Missis
898 965 1130 1032 parochialibus
1152 963 1241 1030 lectis
1265 963 1415 1028 festorum
1443 980 1495 1026 se·

243 1068 362 1134 eundae
385 1068 509 1144 classice
530 1068 578 1134 vel
601 1069 703 1153 potius
725 1069 771 1134 ita
793 1071 856 1135 siut
880 1070 1069 1153 accipienda,
1094 1071 1128 1134 nt
1145 1069 1176 1133 iu
1194 1068 1242 1132 his
1255 1066 1360 1132 Missis
1377 1065 1493 1131 eadem

245 1171 384 1238 Oollecta
402 1171 505 1238 omitti
528 1172 650 1252 debeat,
673 1192 738 1249 seu,
761 1176 797 1239 ut
817 1175 856 1240 de
880 1174 1026 1241 Oollectis
1046 1173 1205 1258 imperatis
1228 1173 1261 1237 in
1277 1169 1379 1236 Missis
1395 1170 1493 1236 lectis

244 1275 390 1343 festorum
413 1275 565 1342 secundae
588 1276 696 1342 classis
719 1279 923 1345 communiter
946 1279 1039 1353 valet,
1064 1279 1107 1344 sit
1128 1275 1167 1342 ad
1190 1276 1340 1342 libitum?
1378 1340 1383 1349 ,

346 1381 377 1445 4.
400 1380 507 1463 Quoad
531 1379 642 1447 Missas
666 1401 736 1448 vero
758 1383 908 1448 solemnes
931 1383 1103 1460 dubitatur,
1135 1401 1172 1447 an
1204 1380 1309 1446 eadem
1338 1377 1491 1453 collecta,

245 1486 497 1570 permittentibus
520 1485 680 1564 Rubricis,
705 1489 786 1552 sumi
811 1487 940 1554 debeat:
970 1486 1002 1573 a)
1029 1487 1197 1552 Dominicis
1220 1487 1252 1552 et
1274 1483 1344 1550 aliis
1367 1483 1491 1560 diebus,

246 1591 272 1655 si
296 1589 390 1656 Missa
409 1592 550 1674 quamvis
575 1591 712 1658 Ministri
734 1593 824 1658 lacile
846 1592 952 1658 haberi
976 1594 1107 1676 possint)
1139 1591 1262 1657 canitur
1293 1590 1358 1654 sine
1388 1587 1490 1652 Mini-

245 1694 336 1772 stris,
367 1693 405 1760 ad
437 1694 665 1762 distinctionem
696 1695 810 1762 Missae
835 1697 980 1762 solemnis
1003 1697 1110 1762 diebus
1134 1695 1259 1761 maioris
1282 1692 1492 1759 festivitatis?

245 1799 278 1883 h)
303 1801 350 1864 hu
373 1800 403 1865 in
429 1799 531 1865 Missis
554 1800 742 1866 solemnibus
765 1821 817 1866 seu
842 1803 975 1867 cantetis
997 1801 1035 1866 de
1058 1801 1136 1866 festo
1158 1801 1300 1875 Mutum,
1327 1817 1367 1862 eu
1389 1797 1489 1861 etiam

244 1903 282 1969 de
303 1903 366 1969 illis
391 1902 558 1969 Dominicis
589 1907 621 1970 et
651 1905 747 1970 l'eriis
778 1925 814 1971 ac
843 1906 951 1970 diebus
982 1906 1062 1971 inire
1096 1905 1229 1972 Octavus
1263 1901 1490 1986 privilegiatae,

245 2025 323 2091 qivae
345 2007 499 2074 orationes
522 2008 690 2092 imperatas
714 2010 910 2075 admittunt?
944 2012 973 2092 c)
997 2011 1045 2075 An
1070 2011 1100 2075 in
1125 2008 1229 2074 Missis
1253 2007 1371 2084 votivis,
1395 2024 1488 2089 quae,

246 2113 444 2195 permittente
468 2111 546 2189 ritu,
571 2113 753 2198 simpliciter
776 2114 825 2180 vel
848 2115 1025 2180 solemniter
1048 2117 1209 2190 canuntur,
1236 2133 1262 2178 v.
1288 2132 1317 2195 g.
1341 2111 1433 2175 initio
1457 2111 1490 2173 et

245 2217 305 2282 lino
325 2216 398 2282 anui
421 2217 609 2296 scholastici,
632 2219 681 2284 vel
703 2219 734 2283 in
757 2219 862 2284 Missis
885 2219 1125 2304 Neopresbyteri
1144 2219 1214 2294 etc,
1238 2219 1269 2283 et
1287 2215 1402 2300 pariter
1418 2233 1489 2279 ora-

244 2322 344 2386 tiones
366 2322 533 2404 imperatas
557 2322 755 2388 admittunt?
785 2323 820 2407 d)
843 2324 891 2391 bn
915 2323 1009 2390 etiem
1033 2325 1064 2388 iu
1090 2323 1193 2388 Missis
1220 2319 1486 2396 conventualibus,

243 2443 322 2509 quae
345 2427 376 2490 in
400 2425 639 2492 cathedralibus
663 2427 809 2493 Doclesiis
832 2430 863 2494 et
885 2427 1066 2512 Collegium
1090 2427 1227 2512 quotidie
1250 2428 1402 2492 canuntur
1425 2422 1487 2504 (vel

244 2529 365 2612 quando
389 2533 541 2597 canuntur
561 2531 626 2597 sine
647 2531 799 2599 ministris
807 2533 836 2618 l)
869 2536 896 2614 e)
919 2537 966 2597 rln
984 2533 1013 2597 in
1032 2532 1130 2598 Missa
1142 2530 1272 2598 solemni
1288 2548 1342 2596 seu
1359 2529 1487 2593 cantata

244 2633 282 2698 de
312 2633 421 2700 Officio
448 2637 627 2702 occurrente
660 2636 690 2702 iu
720 2636 908 2719 Nuptiarum
940 2637 1152 2703 benedictione
1184 2635 1290 2700 diebus
1313 2631 1486 2699 Dominicis

245 2739 322 2819 (sive
346 2739 401 2806 liat
423 2739 461 2805 de
483 2759 528 2816 ea,
553 2741 617 2805 sive
639 2741 670 2805 in
692 2759 728 2806 ee
750 2740 806 2806 fiat
829 2741 867 2806 de
891 2741 968 2807 testo
987 2741 1103 2825 duplici
1127 2760 1186 2807 nou
1202 2737 1354 2822 classico),
1376 2737 1486 2802 diebus

245 2842 327 2908 iutra
354 2842 503 2909 Octavam
529 2844 735 2928 Epiphaniae,
768 2845 857 2910 Seria
878 2845 932 2923 IV,
957 2846 994 2924 V,
1021 2846 1082 2924 Vl,
1106 2848 1138 2911 ot
1159 2845 1296 2911 Sabbato
1317 2841 1400 2906 iutra
1423 2840 1483 2906 Oc·

244 2950 351 3013 tavam
374 2945 462 3013 SSmi
487 2947 628 3032 Corporis
652 2949 795 3019 Obristil
839 2950 865 3036 f)
890 2952 936 3015 Aa
960 2951 1082 3016 denium
1111 2949 1218 3016 eadem
1242 2946 1380 3014 (tellecta
1402 2945 1485 3010 sumi

244 3051 356 3117 debeat
376 3051 408 3116 iu
431 3051 530 3118 Missa
549 3051 678 3119 solemni
702 3071 754 3119 seu
778 3056 921 3132 cantata,
945 3055 970 3120 si
994 3073 1031 3120 ea
1053 3055 1120 3133 die,
1151 3055 1184 3120 in
1206 3051 1313 3118 eadem
1335 3049 1485 3128 Ecclesia,

245 3155 341 3221 Missa
366 3157 496 3222 canatur
519 3158 639 3239 praeter
664 3156 792 3222 Missam
816 3158 1023 3241 parochialem
1046 3159 1178 3236 lectam,
1209 3156 1333 3241 quando
1362 3155 1394 3218 iu
1424 3153 1485 3218 hac

245 3258 380 3326 Collecta
402 3259 561 3342 praedicta
582 3261 668 3327 iuxta
690 3263 820 3328 citatum
845 3263 1009 3330 Decretum
1034 3263 1105 3327 addi
1128 3263 1243 3328 dohet?

350 3363 494 3430 Dubii.
528 3366 575 3431 Au
600 3365 763 3432 Decretum
786 3365 820 3430 in
845 3365 1051 3434 Ravennatem
1077 3367 1138 3433 diei
1164 3366 1212 3431 l8.
1238 3363 1314 3428 Maii
1338 3362 1421 3428 1843
1445 3362 1485 3426 ad

246 3466 306 3533 v11
328 3470 360 3534 et
383 3467 458 3533 VlIl
490 3468 534 3534 sic
562 3469 604 3534 sit
630 3469 890 3553 intelligendum,
920 3473 955 3536 ut
986 3471 1236 3536 commemoratio
1266 3467 1485 3533 huniversuria

246 3570 412 3638 illectionis
437 3574 469 3639 et
491 3571 703 3640 coronationis
725 3572 844 3639 Summi
870 3574 1047 3652 Pontificis,
1079 3593 1115 3640 ac
1143 3572 1310 3640 illectionis
1339 3572 1371 3636 et
1399 3569 1481 3634 Oon-

245 3676 425 3742 secretionis
448 3675 606 3762 llpisoopi,
637 3679 668 3743 in
700 3677 804 3744 Missis
835 3679 925 3744 lectis
948 3679 1149 3762 prohibeatur
1171 3678 1267 3742 etiam
1289 3675 1352 3740 illis
1375 3673 1484 3738 diebus

245 3779 325 3845 fests
346 3779 483 3863 duplicia
505 3781 756 3861 excludentibus,
787 3785 841 3866 qui
864 3785 967 3848 tumen
991 3782 1151 3850 Orationes
1172 3781 1340 3865 imperatas
1363 3777 1481 3843 admit-

243 3886 325 3964 tunt,
350 3885 385 3951 ut
407 3885 480 3950 suut
505 3883 683 3952 Dominicse
707 3885 866 3954 Adventus
881 3889 913 3953 et
929 3887 1201 3972 Quadragesimae,
1222 3885 1313 3952 Seria
1328 3883 1371 3950 IV
1392 3881 1483 3946 Oine·

245 3990 378 4067 rum,.et
399 3988 465 4054 dies
488 3989 569 4056 inira
591 3989 724 4056 Octavus
746 3992 958 4075 privilegiatus
982 3993 1038 4056 sub
1061 3992 1124 4056 ritu
1147 3987 1368 4073 semiduplici?

347 4093 428 4160 Dub.
450 4093 508 4160 III.
552 4093 709 4176 Quaenam
729 4095 828 4161 oratio
852 4095 981 4163 dicenda
1001 4098 1050 4162 est
1072 4097 1102 4160 in
1126 4093 1236 4162 Officio
1260 4092 1480 4159 Delunctorum

244 4196 292 4260 die
312 4196 521 4279 depositionis,
543 4197 647 4276 tertio,
670 4200 810 4282 septimo,
833 4199 993 4284 trigesimo
1015 4201 1047 4265 et
1067 4199 1275 4265 anniversario
1290 4195 1481 4264 Sacerdotis:

243 4318 282 4364 au
305 4317 424 4384 semper
446 4301 576 4368 dicenda
598 4301 724 4368 Oratio:
750 4301 835 4370 Deus
854 4307 909 4386 qui
930 4305 1014 4370 irater
1036 4304 1232 4386 Apostolicos
1255 4301 1461 4370 Sucmdotcff

349 4401 427 4468 Dub.
452 4405 506 4474 lV.
542 4407 578 4471 lu
600 4406 697 4472 Missa
719 4405 757 4472 de
784 4407 896 4490 Requie
921 4426 973 4490 pro
994 4406 1138 4472 defuneto
1154 4407 1184 4472 in
1203 4407 1267 4472 loco
1286 4404 1395 4470 dissito
1410 4423 1478 4468 cum

244 4505 343 4590 primo
365 4507 491 4574 nuntius
514 4510 622 4576 mortis
644 4511 811 4595 accipitur,
843 4510 938 4595 aliqui
968 4512 1081 4594 putant
1106 4509 1287 4578 sumendam
1311 4527 1377 4576 esse
1400 4507 1478 4575 Ora-
