3168 4898
820 703 927 784 ΧΧΙΧ.

253 859 320 942 Zur
348 859 572 962 ennmronp
601 859 801 1064 munieris
819 862 1041 1064 ᾳῧιιοηιΙὲΘέ
1067 859 1188 962 conpr.
1216 858 1297 962 [pp.
1325 862 1366 940 et
1393 858 1475 958 usp

693 1042 702 1063 .
739 1041 748 1064 .
801 1042 809 1064 .
866 1003 918 1064 or.
1040 1045 1045 1059 .

304 1137 373 1198 inus
386 1093 451 1193 'eam
469 1135 572 1192 nstin.
591 1135 743 1194 smnnnn
762 1137 810 1193 rer
828 1137 939 1194 nenses
959 1137 1082 1193 nonam
1101 1137 1168 1194 reos
1185 1135 1232 1192 nr.
1251 1137 1269 1192 5
1288 1136 1352 1191 nra
1369 1134 1429 1202 ae.)

343 1293 407 1358 Das
439 1293 480 1358 im
513 1293 632 1360 Archiv
665 1293 720 1361 Bd.
749 1295 800 1361 69.
829 1293 859 1360 S.
896 1295 957 1359 130
985 1293 1016 1363 ll.
1047 1292 1256 1378 mitgetheilte
1287 1291 1406 1356 Decret
1439 1290 1492 1354 der

241 1394 271 1463 S.
303 1397 509 1482 Congregatio
538 1397 755 1481 llpiscoporum
788 1399 820 1465 ot
851 1398 1052 1481 Regularinm
1083 1398 1123 1462 ist
1154 1397 1327 1463 veranlasst
1364 1395 1491 1460 worden

240 1501 336 1566 durch
372 1499 420 1566 ein
459 1501 600 1568 Postulat
639 1502 693 1566 der
733 1501 1011 1586 Hochnl'rrdigsten
1041 1503 1159 1567 Herren
1193 1500 1395 1566 llrabisclntle
1427 1499 1491 1564 und

243 1603 387 1671 Bischoie
407 1605 583 1684 Pronssens,
606 1625 667 1670 aas
691 1605 854 1690 folgenden
880 1607 985 1672 Inhalt
1008 1607 1080 1673 tat:

345 1709 503 1776 mamam.
551 1709 770 1794 compendium
793 1711 880 1778 lacti.
913 1710 1166 1794 archiepiscopus
1190 1709 1348 1776 Gelonion.
1372 1709 1411 1774 et
1435 1707 1490 1772 alii

244 1812 404 1876 Berussiae
435 1813 574 1897 Episcopi
602 1813 633 1879 in
664 1813 791 1880 civitate
823 1813 969 1881 tuldensi
999 1813 1038 1880 ad
1067 1813 1097 1880 S.
1125 1811 1273 1879 Bonifaoii
1303 1813 1431 1878 cineres
1454 1812 1491 1877 de

241 1935 324 1980 more
346 1917 536 2002 congregati,
555 1917 593 1983 de
615 1915 653 1982 iis
676 1917 887 1998 deliberaturi,
912 1937 990 2004 quae
1013 1919 1051 1984 ad
1074 1917 1222 2002 cuiusque
1244 1917 1406 1982 Dioeoesis
1433 1915 1488 1980 tro·

241 2039 314 2084 num
337 2019 506 2086 conducere
528 2023 672 2106 possunt,
703 2021 815 2088 Sacrae
847 2021 1086 2108 congregationi
1120 2020 1339 2106 llpiscopornm
1367 2025 1405 2085 et
1430 2021 1489 2084 ae

242 2123 398 2208 galerium
423 2127 626 2208 exposuerunt
649 2125 852 2194 diillcultates
875 2129 907 2192 et
923 2126 1125 2205 incommoda,
1151 2144 1229 2209 quaa
1244 2124 1302 2208 ipsi
1318 2123 1488 2208 experiun-

243 2230 293 2292 tnr
315 2247 350 2294 ex
373 2228 457 2294 iacto
486 2229 719 2313 religiosorum,
751 2231 805 2314 qui
836 2231 999 2315 postquam
1028 2229 1067 2296 ad
1098 2229 1219 2295 ordines
1245 2247 1351 2294 sacros
1382 2227 1488 2293 erecti

240 2333 330 2404 sunt,
364 2331 428 2398 rica
450 2332 595 2417 religiosa
617 2333 676 2398 rite
699 2333 844 2413 dimissa,
875 2335 913 2400 ad
942 2335 1057 2419 patrios
1081 2333 1161 2400 lares
1186 2333 1332 2408 redeant,
1365 2335 1417 2410 et,
1452 2335 1489 2395 nt

241 2435 323 2502 clero
345 2455 418 2502 suae
440 2437 568 2521 quisque
591 2435 771 2504 Dioeceseos
793 2438 881 2522 plano
901 2438 966 2504 inre
990 2439 1239 2514 adnumerentur,
1262 2436 1486 2520 praetendunt

344 2539 557 2618 Incommode,
587 2539 623 2608 de
653 2541 764 2625 quibus
791 2541 932 2627 Episcopi
956 2544 1140 2628 queruntur,
1171 2541 1202 2605 in
1229 2560 1264 2606 eo
1294 2540 1487 2616 consistunt,

239 2642 319 2727 qnod
341 2644 477 2727 religiosi
500 2644 547 2710 illi
571 2663 605 2710 ex
630 2645 778 2712 lnstituto
802 2647 917 2729 egressi
942 2651 974 2712 ot
996 2647 1028 2713 in
1050 2665 1137 2712 suam
1164 2644 1335 2711 Dioecesim
1357 2643 1487 2718 reversi,

239 2763 330 2830 saepe
352 2747 437 2812 oneri
460 2751 532 2813 sunt
556 2749 685 2832 propriis
708 2749 874 2833 llpismpis,
896 2769 931 2816 er
954 2769 990 2817 eo
1005 2750 1085 2836 quod
1110 2750 1152 2829 hi,
1173 2749 1247 2815 dnm
1263 2768 1299 2813 ex
1313 2765 1376 2813 nna
1395 2751 1487 2830 parte

239 2868 289 2915 eos
310 2849 341 2914 in
364 2869 453 2916 sunm
478 2851 593 2916 clerum
625 2852 788 2946 admittere
817 2856 977 2932 tenentur,
1008 2873 1043 2918 ex
1074 2855 1172 2919 altera
1202 2852 1310 2918 iisdem
1341 2850 1390 2917 uti
1426 2871 1486 2918 non

240 2957 383 3036 possunt,
415 2955 488 3039 quia
517 2973 607 3039 saepe
638 2957 759 3040 saepius
790 2957 890 3023 idonei
918 2977 976 3024 non
999 2961 1072 3023 sunt
1093 2958 1157 3022 sire
1180 2957 1218 3022 ad
1243 2974 1363 3020 maram
1388 2955 1486 3020 mini·
1570 2965 1571 2968 ’

238 3058 368 3124 sterium
396 3059 613 3138 exercendum,
646 3061 711 3126 sive
740 3060 779 3127 ad
811 3061 981 3129 docendum
1012 3063 1042 3126 in
1067 3059 1260 3147 Gymnasiis,
1293 3061 1402 3142 utpote
1430 3059 1484 3142 qni
1570 3071 1571 3146 l

238 3162 418 3246 plerumque
449 3163 592 3229 destituti
622 3166 695 3230 sunt
727 3166 954 3232 conditionibus
986 3187 1021 3230 ac
1056 3167 1157 3232 titulis
1185 3185 1204 3230 a
1230 3165 1298 3248 lege
1324 3163 1412 3228 civili
1437 3183 1484 3228 re·
1570 3149 1571 3204 l

238 3265 378 3347 quisitis,
411 3268 443 3331 et
473 3267 598 3334 aliunde
627 3269 728 3336 media
752 3289 810 3335 uon
835 3270 951 3337 tabent
973 3269 1119 3336 honestae
1141 3266 1401 3335 substentationis
1423 3267 1484 3332 siti

238 3370 455 3451 procurandae.

342 3473 445 3540 Medla
469 3476 646 3542 occurrendi
668 3475 843 3544 huiusmodi
867 3478 1068 3544 incommodis
1092 3477 1173 3544 hand
1202 3477 1305 3543 deesse
1332 3476 1483 3542 Oratores

238 3579 420 3654 autumant,
444 3578 611 3664 eademque
635 3581 665 3646 in
685 3580 785 3646 tribus
808 3582 949 3650 articulis
973 3583 1120 3649 distincta
1143 3583 1332 3667 proponunt,
1358 3581 1412 3668 qni
1438 3581 1481 3646 sic
1569 3641 1570 3646 ,

238 3684 368 3747 sonant:
1569 3687 1570 3690 ’

344 3784 370 3849 1.
397 3787 438 3852 Ut
460 3789 526 3853 tam
552 3787 773 3871 Religionibus,
797 3809 889 3873 quem
910 3791 1021 3856 ceteris
1047 3791 1202 3856 lnstitntis
1226 3786 1381 3874 religiosis
1409 3789 1478 3874 lege

237 3889 457 3970 interdicatur,
494 3910 530 3958 ne
565 3891 704 3958 alumnos
735 3911 806 3960 snos
840 3894 877 3960 ad
911 3913 1012 3960 sacros
1042 3893 1164 3961 ordines
1191 3894 1319 3960 evehere
1348 3893 1478 3970 faciant

238 3992 414 4077 priusquam
438 3996 502 4061 sine
525 3995 752 4079 professionem,
775 3998 840 4064 sira
856 4001 928 4065 nota
948 3999 1101 4083 simplicia
1117 3997 1240 4083 quidem
1257 3997 1310 4063 sed
1329 4003 1479 4081 perpetus

237 4094 413 4178 emiserint,
436 4099 501 4165 sivo
525 4100 697 4167 ullomodo
723 4101 876 4186 Religioni
896 4102 944 4170 vel
970 4103 1117 4169 instituto
1141 4105 1286 4186 perpetuo
1310 4103 1478 4188 aggregati
1568 4173 1569 4192 ἶ

237 4200 361 4268 luerint.
1568 4197 1569 4236 l

340 4307 370 4371 2.
402 4306 444 4372 Ut
464 4308 531 4372 tam
557 4308 731 4391 Religiones
754 4310 873 4394 proprie
896 4309 1014 4388 dictae,
1044 4331 1136 4395 quam
1160 4310 1309 4377 Instituta
1333 4310 1478 4394 religiosa

236 4409 444 4490 quaecumque
466 4410 602 4474 omnium
627 4411 839 4490 alumnorum,
863 4415 916 4496 qni
940 4419 1010 4498 post
1032 4415 1206 4500 ingressum
1229 4413 1260 4478 in
1282 4414 1475 4497 Religionem

238 4506 284 4570 rel
309 4508 491 4575 Institutnm
523 4513 562 4577 ad
586 4531 689 4579 sacros
715 4515 845 4581 Ordines
874 4519 1003 4600 promoti
1038 4521 1069 4584 et
1101 4519 1207 4602 postea
1239 4517 1356 4602 egressi
1391 4519 1473 4594 sunt,
1567 4601 1568 4634 1
