3120 4904
242 151 307 218 444
348 169 382 226 H.
404 172 524 244 stupor,
544 172 688 244 Beitrnpe
706 190 763 230 sur
784 174 976 246 Wurdlpurrp
996 175 1052 230 der·
1075 175 1440 230 rrecresurenlsrrerotur.

347 345 389 410 M.
411 365 440 428 p.
467 343 499 412 Si
519 347 601 410 solus
621 364 794 424 consensus,
819 367 892 430 ergo
914 347 979 412 siue
1003 347 1112 424 verbis,
1135 351 1167 412 et
1190 348 1237 413 ita
1261 353 1381 432 erponi:
1406 349 1479 412 solu

242 448 272 513 id
298 453 344 512 ost
367 449 536 532 legitimus.
584 450 638 512 l'el
662 451 745 515 solus
769 451 904 516 excludit
923 453 1036 516 coitum
1062 501 1069 518 .
1095 501 1102 516 .
1128 504 1135 519 .

348 553 387 618 ll.
410 553 447 618 G.
472 553 558 635 Quod
581 556 607 618 si
632 553 736 638 aliqua
758 555 943 638 desponsata
966 555 1059 620 etiam
1084 557 1120 619 de
1143 555 1283 640 presenti
1305 559 1342 619 et
1363 557 1423 619 iarn
1439 555 1479 618 in-

243 659 364 722 tratura
387 657 560 721 thalamum
583 659 685 740 spousi
707 678 724 722 a
745 659 838 724 lrstre
855 659 956 742 spousi
977 660 1131 724 ueletiam
1151 663 1240 743 patre
1260 665 1479 742 corrumpatur.

242 761 385 844 quoniam
408 761 542 844 surplius
564 779 631 827 eam
655 779 837 846 cognoscere
862 783 918 826 nou
943 765 1056 846 poterit
1074 781 1213 846 sponsus,
1237 766 1272 828 et
1289 765 1359 846 ipse
1375 763 1430 827 ills
1444 766 1480 827 ri-

244 868 333 930 rente
356 865 421 930 sine
445 865 575 950 coniuge
596 869 627 931 et
651 866 705 932 illa
728 868 793 932 siue
819 868 929 932 marito
952 869 1010 932 erit
1033 869 1131 951 quoad
1149 869 1309 934 carnalem
1329 869 1480 951 copulam:
1550 941 1551 944 ,

242 973 418 1054 perseverat
440 969 520 1034 enirn
544 973 575 1035 et
598 971 680 1036 inter
703 971 781 1036 tales
797 977 1034 1038 sacramentum.
1060 973 1102 1038 ll.
1122 993 1146 1055 p
1161 995 1168 1034 ε
1186 973 1345 1054 Quoniam
1363 991 1482 1054 sponsus

243 1073 324 1155 prior·
348 1075 447 1156 potest
471 1075 592 1158 erigere
615 1074 754 1140 debitum
779 1079 809 1140 et
832 1075 887 1140 ills
910 1079 1032 1140 tenetur
1054 1077 1180 1142 reddero
1203 1075 1259 1140 sed
1286 1095 1349 1142 non
1371 1075 1483 1160 erigere

244 1173 381 1265 [potestl.
430 1177 585 1256 lindius,
613 1178 638 1242 si
660 1198 788 1262 sponsus
813 1180 944 1244 uoluerit
966 1181 1139 1256 continere3
1171 1201 1240 1246 neru
1274 1182 1339 1245 ista
1371 1181 1483 1244 virente

242 1281 336 1346 etism
360 1283 470 1347 ducere
493 1301 551 1347 non
576 1285 688 1365 potest.

347 1395 377 1478 d)
400 1397 465 1460 dus
488 1395 542 1459 der
566 1395 716 1462 Vorrede:
744 1397 844 1460 »Beue
869 1397 1024 1480 conposite
1048 1396 1150 1459 domui
1174 1397 1233 1460 etc.
1260 1449 1267 1460 .
1296 1450 1302 1461 .
1331 1399 1420 1478 .²⁴⁵).

350 1507 438 1572 [lices
462 1506 596 1573 Vorrede
628 1509 724 1573 findet
755 1509 820 1572 siclr
855 1509 931 1574 naclr
962 1509 1030 1574 deur
1060 1509 1173 1572 bereits
1204 1507 1234 1573 S.
1265 1509 1335 1572 379
1367 1510 1482 1572 eitirten

245 1613 386 1678 Berichte
411 1613 561 1677 Thener¹s
583 1612 660 1677 auch
678 1612 709 1676 in
724 1613 777 1676 der·
798 1613 934 1677 Berliner
949 1611 1328 1695 Stephanuslrsudschritt
1345 1613 1399 1676 iol.
1420 1614 1483 1686 llti,

243 1734 287 1779 oro
318 1717 451 1782 dieselbe
480 1715 579 1781 einem
611 1717 760 1799 Magister·
793 1737 819 1798 p.
852 1717 889 1781 de
920 1717 1092 1782 loueneeuis
1116 1715 1273 1798 beigelegt
1298 1717 1388 1780 wird.
1435 1717 1484 1779 Die

245 1816 377 1884 Vorrede
400 1819 454 1883 der
475 1817 602 1886 Summa
627 1820 743 1888 Monac.
770 1839 840 1898 uer,
865 1821 920 1886 uie
942 1821 1007 1884 sicli
1030 1821 1108 1903 jetzt
1127 1821 1299 1884 leststellen
1322 1820 1417 1892 lasst,
1440 1821 1485 1883 die

243 1921 376 2006 Vorlage
406 1923 459 1988 des
483 1923 655 1989 Verlasssre
679 1923 739 1988 uud
764 1925 806 1988 ist
830 1944 897 1988 zum
923 1923 1030 1988 'lheile
1052 1924 1180 1988 beinatre
1204 1923 1350 1988 wortliclr
1374 1943 1483 2008 ansge-
1551 1931 1552 1958 l

242 2026 400 2093 schmebeu
425 2027 562 2104 sordem
595 2046 675 2094 soz.
703 2029 735 2091 B.
760 2028 809 2092 die
833 2028 1034 2108 atleporisole
1060 2029 1204 2112 Deutung
1231 2028 1288 2091 der
1309 2028 1414 2093 Stelle
1436 2029 1484 2094 des
1551 2057 1552 2090 1

244 2131 343 2198 hohen
368 2132 495 2197 liedes:
528 2132 705 2198 llnrenulas
735 2153 843 2197 aureas
872 2133 1018 2198 latiemns
1041 2137 1097 2198 etc.
1114 2135 1176 2212 ¹⁴⁶).
1223 2133 1284 2197 Firr
1307 2133 1371 2197 deu
1396 2132 1485 2198 Satn:

246 2235 349 2319 ›Opns
371 2255 460 2303 suurn
485 2236 688 2318 magisterio
712 2243 775 2302 tres
800 2239 902 2320 partes
926 2237 1009 2302 felici
1032 2256 1156 2302 numero
1179 2237 1363 2318 distinguit,
1391 2237 1485 2321 prirno

243 2340 382 2405 tractans
414 2339 451 2402 de
479 2339 660 2405 ministeriis
691 2341 815 2416 alteris,
851 2339 983 2405 secundo
1013 2340 1050 2404 de
1083 2339 1303 2405 ecclesiasticis
1342 2341 1484 2424 negotiis

242 2443 335 2508 tertio
358 2443 396 2508 de
418 2443 632 2525 spiritualibus
656 2445 875 2509 sacramentis«
910 2444 965 2508 lrat
991 2443 1139 2508 ebeulalls
1162 2444 1229 2508 eine
1252 2443 1356 2509 Stelle
1380 2445 1412 2508 in
1436 2445 1486 2508 der

244 2547 378 2613 Vorrede
401 2566 454 2612 aur
477 2547 603 2612 Summa
625 2547 743 2614 Moneo.
758 2551 813 2628 ²⁴⁷)
836 2548 885 2614 die
911 2547 1043 2630 Vorluge
1067 2547 1213 2631 gebildet,
1238 2548 1357 2612 welche
1375 2549 1431 2612 der
1445 2549 1483 2613 ll.

243 2671 270 2733 p.
291 2651 329 2714 de
350 2651 524 2716 lcuenccnis
546 2651 642 2716 durch
666 2651 749 2718 scine
770 2653 899 2718 Zusatze
922 2653 1113 2729 orweiterte;
1137 2652 1277 2718 dasselbe
1300 2653 1396 2718 lieese
1421 2654 1483 2717 sich

243 2754 291 2820 inlr
314 2756 380 2820 eine
405 2774 501 2839 gauzo
523 2755 621 2822 Reihe
646 2776 701 2822 von
726 2755 843 2822 Stellen
867 2756 1066 2823 naclrueisen.

346 2859 407 2924 Der
430 2860 572 2944 Eiugang
595 2859 650 2924 der
684 2859 817 2926 Vorrede
845 2861 922 2942 (dol.
942 2861 1034 2942 63'0)
1056 2859 1176 2926 lentot:
1212 2862 1295 2924 Beue
1324 2863 1483 2944 conposite

241 2961 344 3027 domui
369 2963 484 3046 aliquid
509 2962 613 3027 deesse
635 2967 736 3047 potest
759 2965 796 3027 ad
820 2967 972 3032 ornatum.
1022 2964 1081 3029 Sed
1111 2964 1167 3029 Dei
1200 2967 1299 3046 patris
1328 2965 1483 3047 sepientis

242 3065 281 3131 ab
304 3071 408 3130 eterno
431 3068 541 3131 cuncta
565 3067 702 3132 suaviter
717 3069 880 3150 disponens
900 3069 1077 3134 cautissime
1095 3068 1237 3152 providit.
1261 3087 1299 3132 rre
1314 3071 1482 3152 quiequam

242 3169 349 3236 domus
377 3190 430 3234 sue
462 3171 641 3253 perfectioni
673 3171 792 3236 deesset
820 3172 857 3236 ed
886 3172 1043 3248 decorem,
1080 3173 1152 3235 dum
1190 3174 1303 3238 ueteris
1329 3173 1412 3256 legis
1438 3175 1480 3236 in-

240 3276 412 3339 strumento
433 3278 464 3339 et
488 3275 705 3359 prophetorum
731 3277 883 3341 vaticiniis
906 3279 936 3340 et
954 3277 1131 3360 euangelias
1148 3277 1286 3340 doctrine
1308 3313 1342 3322 -
1362 3298 1398 3341 ex
1415 3279 1483 3360 qui-

242 3378 299 3442 bus
334 3378 502 3443 christiane
539 3379 698 3462 religionis
734 3380 807 3444 ordo
844 3381 1003 3464 colligitur
1038 3417 1075 3428 -
1113 3382 1329 3445 canonicarum
1363 3401 1484 3464 quoqne

240 3483 432 3546 sanctionum
458 3483 591 3547 varietas
615 3485 732 3566 picture
764 3485 829 3549 loco
861 3485 1009 3563 accessit,
1039 3487 1074 3548 ut
1102 3486 1131 3548 iu
1166 3485 1294 3549 materie
1322 3485 1483 3549 soliditate

241 3585 333 3650 robur
355 3585 463 3650 edifitii
487 3587 668 3652 consisteret
690 3590 721 3652 et
742 3587 840 3652 eidem
865 3587 998 3652 colorum
1024 3590 1156 3654 varietus
1178 3589 1322 3653 decenter
1338 3591 1482 3672 apposita
1552 3659 1553 3670 p

241 3689 364 3754 afferret
386 3689 533 3754 decorem.
566 3691 685 3756 Dixerit
702 3695 805 3756 autem
824 3693 951 3756 sortasse
968 3693 1094 3776 aliquis:
1111 3693 1250 3774 erenam
1267 3693 1329 3757 ista
1345 3694 1480 3757 colorum

241 3791 383 3869 varietas,
407 3812 498 3876 quam
522 3793 551 3857 in
578 3795 667 3859 domo
691 3795 812 3859 Domini
839 3795 956 3877 picture
985 3798 1103 3862 nomios
1127 3795 1377 3861 conuuendasti?
1405 3797 1480 3860 Veni

240 3898 272 3961 et
298 3895 384 3961 ride!
432 3897 512 3961 Audi
537 3899 568 3962 et
590 3898 693 3966 discel
740 3899 892 3964 Oarcour'ci
914 3901 997 3966 iteris
1017 3920 1127 3982 corpus
1149 3900 1317 3981 multiplici
1339 3903 1482 3966 materiei

239 4001 389 4082 qualitate
411 4001 690 4085 discerptionem).
740 4003 840 4085 ipsum
874 4023 1004 4086 rraroquc
1035 4023 1068 4066 er
1102 4003 1260 4086 utriusque
1291 4003 1374 4086 legis
1398 4025 1481 4068 ruan-

342 4173 404 4242 245)
422 4173 448 4229 S.
466 4173 533 4228 oben
552 4174 668 4229 Abschn.
688 4175 718 4227 ll.

343 4259 405 4328 246)
424 4259 449 4314 S.
469 4259 535 4315 oben
556 4261 582 4316 S.
600 4261 650 4315 380
670 4260 687 4314 l.

343 4344 404 4408 247)
423 4345 448 4398 S.
468 4344 535 4400 oben
555 4346 581 4400 S.
597 4346 656 4401 382.

343 4428 404 4494 248)
423 4429 473 4484 Die
490 4432 578 4484 cnrsir
596 4431 760 4500 gedruelrten
782 4433 871 4487 Worte
899 4435 948 4488 hat
971 4433 1079 4488 'l'lrauer
1097 4449 1121 4488 a.
1140 4449 1164 4488 a.
1184 4433 1214 4488 0.
1234 4433 1285 4486 At.
1309 4435 1350 4496 79,
1375 4435 1401 4486 S.
1422 4435 1480 4488 Μ.

242 4511 341 4565 Notel
372 4529 420 4566 aus
446 4514 493 4568 der
522 4515 643 4570 Berliner
667 4516 844 4572 Hsudsclrritt
869 4519 1036 4590 mitgetheilt
1066 4519 1120 4574 und
1147 4518 1243 4577 meins.
1272 4517 1320 4572 der
1345 4519 1382 4572 tl.
1403 4537 1429 4587 p.
1449 4521 1479 4574 dc
