3120 4904
250 162 393 246 Beilrdpc
411 191 469 230 sur
489 162 683 248 Wnrdlpamp
704 167 759 232 der
781 161 1145 232 Decretistcnla'tteralur.
1256 139 1319 223 ⁴35

82 349 206 409 veritum
242 343 336 409 luerit
365 343 395 408 id
427 347 475 408 est
504 346 698 427 septennium
734 347 980 431 repleverint-
1006 347 1321 430 quaquidemetato

77 468 203 514 sonsum
228 448 344 513 habent
364 451 395 514 et
417 448 622 527 intellectum,
647 451 720 516 lieet
743 451 943 533 semiplenum
968 487 1006 496 -
1031 453 1106 516 tune
1123 450 1246 533 quidem
1265 429 1321 515 ena

78 553 300 618 ratihabitione
345 551 525 618 confirmare
566 559 710 637 poterunt
750 556 830 639 quod
866 575 884 620 a
917 555 1096 638 parentibus
1127 556 1231 619 aetum
1264 556 1321 620 eat.

78 657 226 740 Alioquin
257 655 352 722 libere
383 659 526 738 poterunt
557 656 720 724 dissentire
751 662 783 724 et
814 659 873 724 alio
896 678 951 722 sua
975 661 1045 723 rota
1068 658 1242 723 transterre.
1288 655 1320 724 Si

78 763 185 826 autem
202 779 237 825 eo
252 765 398 842 tempore,
415 779 474 844 quo
487 761 710 827 contrahuntur
722 763 886 846 sponsalia,
901 763 989 827 liberi
1003 762 1133 827 maiores
1147 762 1322 847 tuentem)

77 865 251 947 septennio,
274 867 350 930 tuno
372 865 495 930 omnino
515 865 714 949 requirendus
738 870 977 938 estxconsensns.
1002 868 1067 931 sine
1083 885 1142 950 quo
1159 864 1253 930 nichil
1269 866 1321 948 agi

78 971 191 1051 potest.
237 968 271 1033 ln
307 973 436 1052 utreque
470 970 574 1034 autem
608 987 698 1047 msa,
732 971 797 1035 sive
831 973 869 1035 ab
901 971 991 1035 initio
1019 970 1229 1035 consenserint
1257 970 1321 1033 sive

79 1072 276 1156 postmodnm
302 1075 401 1137 return
425 1072 608 1151 habuerint,
639 1092 760 1140 neeesse
789 1074 905 1139 habent
935 1075 1088 1157 complere
1099 1075 1154 1158 ²⁰⁶)
1180 1073 1321 1158 promissi

77 1176 272 1242 matrimonii
302 1178 514 1255 contractum,
548 1195 616 1242 enm
652 1177 690 1243 ad
724 1178 863 1244 adultam
898 1179 1091 1260 pervenerint
1124 1179 1259 1256 etatem,
1291 1180 1322 1243 et

78 1281 209 1366 cogendi
233 1284 306 1347 sunt
329 1282 368 1346 ab
391 1282 521 1346 eeclesia
543 1285 625 1346 stare
645 1286 772 1366 paterne
796 1282 1006 1366 dispositioni,
1039 1283 1113 1366 quia
1136 1282 1321 1366 proprium)

79 1405 230 1451 consensu
255 1385 530 1469 ermescenhuson.
567 1386 635 1452 Non
658 1389 762 1452 tamen
787 1387 862 1452 adeo
885 1389 929 1464 ut,
953 1385 979 1450 si
1003 1385 1232 1451 inexorabiliter
1255 1385 1318 1449 dis-

79 1490 233 1554 senserint
255 1493 287 1554 et
309 1489 370 1554 alio
395 1490 465 1554 vota
486 1508 542 1555 sna
560 1491 789 1564 transtulerint,
813 1491 1006 1556 contractum
1031 1508 1100 1555 cum
1121 1489 1193 1554 aliis
1219 1489 1317 1554 solva-

79 1598 133 1658 tur
157 1593 397 1660 matrimonium.
431 1591 489 1658 Sed
511 1596 586 1658 tuuc
606 1593 650 1658 eis
666 1595 760 1659 trium
778 1613 925 1658 annnorum
943 1595 1124 1677 iniungatur
1141 1594 1321 1676 penitentia,

79 1698 114 1762 et
136 1697 291 1762 constabit
313 1697 563 1774 matrimonium,
598 1698 656 1762 nisi
690 1697 770 1762 torte
806 1698 884 1762 illud
918 1701 986 1780 post
1008 1697 1171 1788 specialem
1195 1697 1322 1761 ecclesie

81 1801 338 1885 prohibitionem,
377 1820 436 1884 que
470 1820 563 1866 cansa
602 1801 726 1887 cognita
761 1802 946 1868 intervenire
983 1800 1082 1877 solet,
1120 1799 1215 1866 luerit
1249 1819 1322 1866 eon·

80 1908 217 1970 tractum
232 1905 287 1991 ¹⁰⁸)
310 1955 317 1971 .
342 1957 348 1970 .
373 1955 380 1968 .
403 1905 484 1970 Item
508 1906 677 1970 notandum
698 1906 789 1990 qnod,
812 1909 839 1970 si
863 1905 988 1970 adultus
1011 1905 1197 1970 consenserit
1219 1905 1251 1969 in
1274 1905 1322 1969 iu·

80 2011 216 2087 fantem,
247 2011 285 2074 ab
308 2009 554 2076 alteratantnm
579 2013 666 2094 parte
696 2013 818 2075 constat
849 2010 1017 2094 obligatio:
1050 2009 1207 2093 obligatur
1240 2009 1320 2073 enim

80 2113 210 2179 adultus
233 2113 346 2178 infanti
370 2132 426 2178 nee
448 2133 517 2178 eum
541 2114 599 2177 sihi
622 2113 752 2197 obligat.
797 2115 916 2178 Poterit
937 2114 1018 2178 enim
1042 2113 1144 2178 inians
1167 2113 1271 2190 libere,
1295 2113 1321 2178 si

81 2218 224 2300 voluerit,
257 2220 364 2301 postea
395 2236 453 2282 non
485 2217 673 2295 consentire;
705 2218 898 2282 consentiens
928 2218 1030 2284 autem
1063 2216 1093 2281 id
1125 2215 1254 2293 effitiet,
1288 2218 1323 2279 nt

81 2341 208 2406 prorsus
229 2324 374 2386 teneatur
395 2320 491 2386 maior
514 2320 743 2386 matrimonium
765 2320 903 2404 implere.
935 2321 1014 2386 Nam
1039 2319 1165 2385 minoris
1182 2319 1322 2384 adhibito

80 2445 231 2491 consensu
256 2428 381 2508 peraeta
403 2425 477 2490 sunt
496 2425 660 2507 sponsalia,
685 2425 765 2489 sicut
787 2424 902 2489 dicitur
924 2424 1015 2508 qnod,
1038 2423 1064 2489 si
1088 2423 1202 2488 aneilla
1223 2422 1323 2489 sciens

81 2529 224 2613 nupserit
248 2530 343 2594 libere
366 2528 521 2612 ignoranti
543 2527 678 2594 eiusdem
702 2527 926 2606 conditionem,
960 2527 1117 2611 obligatur
1144 2529 1208 2592 viro
1231 2547 1321 2611 quem

80 2634 141 2697 sihi
166 2653 224 2700 uon
248 2633 384 2716 ohligat3
420 2633 522 2716 potest
546 2633 627 2696 euim
657 2633 703 2696 vir
735 2632 974 2716 quandocunque
998 2633 1143 2714 conperta
1163 2632 1229 2696 eius
1252 2649 1322 2696 eon-

82 2737 201 2802 ditione
223 2756 291 2802 eam
315 2736 486 2820 relinquere
508 2739 541 2801 et
563 2736 615 2801 alii
640 2736 796 2802 adherere.
848 2735 908 2816 Qui
938 2737 964 2800 si
993 2739 1068 2800 nota
1098 2735 1246 2800 servitute
1277 2735 1322 2799 ni-

81 2841 268 2908 chilominus
291 2841 322 2904 in
346 2859 415 2906 eam
438 2841 635 2917 oontemserit,
657 2858 717 2910 non
740 2839 855 2923 poterit
877 2839 934 2904 illa
956 2839 1133 2906 dissentire.

191 2945 280 3010 lliese
303 2944 545 3027 Arrsldbrnngen
570 2962 694 3010 unseres
719 2945 833 3008 Arrtors
857 2944 1002 3008 scheinon
1031 2942 1187 3008 durchaus
1208 2940 1323 3007 selbst-

81 3049 229 3133 standige
251 3068 288 3113 zu
311 3049 399 3126 sein;
430 3048 644 3114 insbesondere
674 3047 716 3115 ist
744 3067 777 3111 er
806 3047 872 3113 bier
902 3067 959 3112 ron
986 3046 1074 3112 Ruhn
1098 3047 1160 3112 und
1184 3045 1322 3130 Stephon

84 3153 288 3238 unabhangig
301 3152 365 3238 ²⁰⁹).

186 3308 249 3374 204)
270 3307 297 3361 S.
316 3307 348 3364 G.
370 3308 418 3362 B.:
437 3309 501 3361 ennt

192 3395 255 3462 205)
272 3393 300 3449 Β.
318 3393 349 3449 o,
374 3395 420 3449 B.:
438 3394 551 3461 implere

188 3480 251 3546 206)
270 3479 297 3534 S.
315 3478 347 3534 G.
368 3478 411 3533 a:
431 3495 511 3548 quam
532 3479 617 3546 primo
636 3478 767 3547 (ellenbar
786 3477 941 3532 verdcrbter
961 3479 1047 3548 Text.)

188 3567 250 3636 207)
270 3565 297 3620 S.
316 3564 348 3620 G.
370 3566 414 3622 B.:
436 3565 662 3620 confirmaverunt

187 3654 251 3720 208)
270 3653 313 3707 Da
333 3668 361 3707 ea
387 3651 445 3706 sich
472 3651 529 3706 bier
558 3667 602 3704 um
630 3651 674 3705 die
700 3650 789 3721 Frage
815 3649 864 3705 der
888 3650 998 3720 Lbenng
1025 3650 1100 3705 einer
1127 3651 1326 3721 Desponsatiou

86 3739 212 3802 handolt,
234 3757 264 3793 ao
284 3740 352 3792 ardre
370 3754 398 3792 ea
417 3755 451 3792 m.
470 3737 498 3790 ll.
517 3740 640 3806 gerragt,
668 3752 716 3790 aua
743 3737 832 3792 dieser
859 3734 945 3792 Stella
968 3736 1018 3791 deu
1044 3735 1154 3791 Schlusr
1181 3737 1275 3790 slehen
1295 3752 1327 3790 au

88 3827 194 3891 wellen,
222 3826 284 3880 dass
312 3826 359 3880 der
383 3823 455 3878 Veri.
481 3823 528 3878 der
549 3839 600 3878 non
621 3823 677 3878 ihrn
696 3823 762 3878 oben
784 3823 816 3892 (s.
835 3822 862 3877 S.
881 3823 943 3891 ⁴32)
963 3823 1104 3878 referirten
1124 3823 1253 3890 lleinnug
1272 3821 1327 3876 bei·

84 3913 218 3982 pllichtet,
232 3911 330 3967 welche
341 3911 493 3980 uberhaupt
505 3911 563 3964 dem
577 3908 755 3964 Interdictum
768 3910 892 3965 eeclesiae
904 3909 1059 3964 irritirende
1069 3909 1202 3977 Wirlrung
1215 3907 1326 3978 beilegt.

189 3999 251 4066 209)
272 3997 322 4052 Um
341 3998 398 4052 sich
417 3997 481 4052 liber
499 3997 542 4050 die
561 3997 707 4050 Ansichteu
727 3995 774 4050 des
793 3995 945 4064 Stephanus
971 3997 1013 4049 ein
1033 3995 1148 4050 siehcres
1167 3993 1275 4048 Urtheil
1294 4009 1325 4047 an

85 4084 185 4148 bilden,
204 4101 276 4139 muas
294 4101 356 4138 man
373 4084 441 4137 anch
460 4083 487 4136 in
507 4082 594 4136 dieser
607 4081 696 4148 Frage
711 4082 761 4136 aul
769 4082 821 4136 den
836 4081 1048 4151 vollstindigen,
1068 4080 1326 4135 unverstbmmelten

86 4171 155 4226 Text
173 4171 259 4226 dieses
279 4172 379 4226 hutone
398 4168 618 4238 aurdelrgroilen;
642 4167 776 4223 Schulte's
797 4169 923 4239 huagabe
942 4168 1030 4223 nunde
1055 4166 1152 4222 wieder
1170 4183 1201 4221 an
1221 4166 1328 4221 andeb-

86 4259 162 4328 tigeu
184 4259 373 4328 Fulgerungen
392 4256 530 4312 verleiteu.
556 4255 589 4310 In
606 4254 648 4310 Cs.
662 4254 754 4309 XXXI
773 4255 804 4323 Q.
819 4255 845 4310 lI
862 4255 986 4310 sahliesst
1004 4253 1060 4309 eleb
1080 4255 1235 4323 Stephanus
1252 4254 1328 4308 uicbt

86 4345 301 4401 ausschlieaslich
321 4361 355 4399 an
378 4343 482 4399 Roland
502 4360 554 4407 an;
578 4359 606 4397 es
624 4343 662 4396 ist
679 4342 747 4397 auch
768 4341 846 4396 Rulln
865 4343 985 4398 beuutat.
1023 4341 1065 4395 lm
1083 4341 1197 4411 tlbrigon
1219 4345 1328 4411 geulige

85 4431 126 4485 ale
146 4431 230 4502 Beleg
248 4429 290 4486 ihr
311 4431 363 4486 deu
381 4430 583 4498 selbstdudigeu
602 4428 696 4484 Warth
721 4427 768 4482 dee
796 4427 892 4483 ‘l'ertes
920 4428 968 4483 der
996 4429 1106 4481 Summa
1129 4427 1262 4495 Stephani
1280 4426 1329 4480 der

88 4517 205 4574 Hiereia
232 4519 281 4574 aul
306 4517 445 4573 Hermann
472 4534 497 4572 a
523 4534 548 4571 a.
575 4515 607 4573 0.
634 4515 663 4570 S.
689 4515 740 4574 88.
771 4517 883 4571 'sicher
910 4516 968 4570 eine
997 4511 1078 4583 Copie
1105 4513 1152 4568 des
1178 4511 1347 4568 ldhnebnor.

1157 4599 1227 4665 29!
