<?xml version="1.0" encoding="UTF-8"?>
<!DOCTYPE html PUBLIC "-//W3C//DTD XHTML 1.0 Transitional//EN"
    "http://www.w3.org/TR/xhtml1/DTD/xhtml1-transitional.dtd">
<html xmlns="http://www.w3.org/1999/xhtml" xml:lang="en" lang="en">
 <head>
  <title>
</title>
<meta http-equiv="Content-Type" content="text/html;charset=utf-8" />
  <meta name='ocr-system' content='tesseract 3.04.00' />
  <meta name='ocr-capabilities' content='ocr_page ocr_carea ocr_par ocr_line ocrx_word'/>
</head>
<body>
  <div class='ocr_page' id='page_1' title='image "./archivfrkatholi02unkngoog_0149.png"; bbox 0 0 3228 4908; ppageno 0'>
   <div class='ocr_carea' id='block_1_1' title="bbox 251 184 1262 256">
    <p class='ocr_par' dir='ltr' id='par_1_1' title="bbox 251 165 1590 284">
     <span class='ocr_line' id='line_1_1' title="bbox 251 184 1262 256; baseline 0.01 -8"><span class='ocrx_word' id='word_1_1' title='bbox 251 184 314 248; x_wconf 78' lang='lat' dir='ltr'>ul</span> <span class='ocrx_word' id='word_1_2' title='bbox 479 200 616 256; x_wconf 78' lang='lat' dir='ltr'>Mctrtm.</span> <span class='ocrx_word' id='word_1_3' title='bbox 635 201 735 256; x_wconf 82' lang='lat' dir='ltr'>asath.</span> <span class='ocrx_word' id='word_1_4' title='bbox 753 207 782 256; x_wconf 80' lang='lat' dir='ltr'>et</span> <span class='ocrx_word' id='word_1_5' title='bbox 800 203 901 256; x_wconf 75' lang='lat' dir='ltr'>mictu</span> <span class='ocrx_word' id='word_1_6' title='bbox 918 203 954 255; x_wconf 78' lang='lat' dir='ltr'>tn</span> <span class='ocrx_word' id='word_1_7' title='bbox 971 201 1080 256; x_wconf 72' lang='lat' dir='ltr'>insula</span> <span class='ocrx_word' id='word_1_8' title='bbox 1099 197 1262 256; x_wconf 62' lang='lat' dir='ltr'>Mutuesci.</span> 
     </span>
    </p>
   </div>
   <div class='ocr_carea' id='block_1_2' title="bbox 249 369 1501 528">
    <p class='ocr_par' dir='ltr' id='par_1_2' title="bbox 249 369 1501 528">
     <span class='ocr_line' id='line_1_2' title="bbox 249 369 1501 446; baseline -0.001 -20"><span class='ocrx_word' id='word_1_9' title='bbox 249 371 321 428; x_wconf 80' lang='lat' dir='ltr'>Sese.</span> <span class='ocrx_word' id='word_1_10' title='bbox 339 370 438 436; x_wconf 77' lang='lat' dir='ltr'>xxiv,</span> <span class='ocrx_word' id='word_1_11' title='bbox 456 369 489 426; x_wconf 87' lang='lat' dir='ltr'>do</span> <span class='ocrx_word' id='word_1_12' title='bbox 507 371 555 426; x_wconf 81' lang='lat' dir='ltr'>roi.</span> <span class='ocrx_word' id='word_1_13' title='bbox 575 371 674 440; x_wconf 78' lang='lat' dir='ltr'>main).</span> <span class='ocrx_word' id='word_1_14' title='bbox 708 371 739 426; x_wconf 88' lang='lat' dir='ltr'>lu</span> <span class='ocrx_word' id='word_1_15' title='bbox 759 387 867 426; x_wconf 87' lang='lat' dir='ltr'>neuorer</span> <span class='ocrx_word' id='word_1_16' title='bbox 885 370 948 446; x_wconf 72' lang='lat' dir='ltr'>Zsit</span> <span class='ocrx_word' id='word_1_17' title='bbox 969 371 1030 426; x_wconf 81' lang='lat' dir='ltr'>aiud</span> <span class='ocrx_word' id='word_1_18' title='bbox 1052 371 1120 428; x_wconf 84' lang='lat' dir='ltr'>cuch</span> <span class='ocrx_word' id='word_1_19' title='bbox 1143 369 1234 426; x_wconf 83' lang='lat' dir='ltr'>solche</span> <span class='ocrx_word' id='word_1_20' title='bbox 1255 369 1501 440; x_wconf 61' lang='lat' dir='ltr'>Taucheidnngeu</span> 
     </span>
     <span class='ocr_line' id='line_1_3' title="bbox 249 455 1231 528; baseline -0.001 -15"><span class='ocrx_word' id='word_1_21' title='bbox 249 457 293 514; x_wconf 80' lang='lat' dir='ltr'>lhr</span> <span class='ocrx_word' id='word_1_22' title='bbox 310 457 354 513; x_wconf 90' lang='lat' dir='ltr'>die</span> <span class='ocrx_word' id='word_1_23' title='bbox 373 457 445 512; x_wconf 86' lang='lat' dir='ltr'>luecl</span> <span class='ocrx_word' id='word_1_24' title='bbox 463 455 551 512; x_wconf 80' lang='lat' dir='ltr'>Malta</span> <span class='ocrx_word' id='word_1_25' title='bbox 569 471 716 528; x_wconf 74' lang='lat' dir='ltr'>ergongem</span> <span class='ocrx_word' id='word_1_26' title='bbox 734 456 834 512; x_wconf 78' lang='lat' dir='ltr'>welche</span> <span class='ocrx_word' id='word_1_27' title='bbox 852 455 998 528; x_wconf 77' lang='lat' dir='ltr'><strong>folgenden</strong></span> <span class='ocrx_word' id='word_1_28' title='bbox 1016 457 1111 512; x_wconf 85' lang='lat' dir='ltr'>Inhalt</span> <span class='ocrx_word' id='word_1_29' title='bbox 1128 455 1231 512; x_wconf 84' lang='lat' dir='ltr'>habau:</span> 
     </span>
    </p>
   </div>
   <div class='ocr_carea' id='block_1_3' title="bbox 137 542 1592 2400">
    <p class='ocr_par' dir='ltr' id='par_1_3' title="bbox 355 542 1389 612">
     <span class='ocr_line' id='line_1_4' title="bbox 355 542 1389 612; baseline 0.002 -2"><span class='ocrx_word' id='word_1_30' title='bbox 355 545 398 610; x_wconf 81' lang='lat' dir='ltr'>llx</span> <span class='ocrx_word' id='word_1_31' title='bbox 420 543 502 610; x_wconf 84' lang='lat' dir='ltr'>Aud.</span> <span class='ocrx_word' id='word_1_32' title='bbox 525 542 626 612; x_wconf 69' lang='lat' dir='ltr'>sami.</span> <span class='ocrx_word' id='word_1_33' title='bbox 982 545 1038 610; x_wconf 90' lang='lat' dir='ltr'>Die</span> <span class='ocrx_word' id='word_1_34' title='bbox 1063 545 1102 610; x_wconf 89' lang='grc'>12</span> <span class='ocrx_word' id='word_1_35' title='bbox 1126 543 1269 610; x_wconf 80' lang='lat' dir='ltr'>lanuarii</span> <span class='ocrx_word' id='word_1_36' title='bbox 1296 545 1389 612; x_wconf 82' lang='lat'><strong>1890.</strong></span> 
     </span>
    </p>

    <p class='ocr_par' dir='ltr' id='par_1_4' title="bbox 250 622 1591 1236">
     <span class='ocr_line' id='line_1_5' title="bbox 355 647 1501 733; baseline 0 -19"><span class='ocrx_word' id='word_1_37' title='bbox 355 647 404 714; x_wconf 81' lang='lat' dir='ltr'>Ad</span> <span class='ocrx_word' id='word_1_38' title='bbox 428 647 618 713; x_wconf 86' lang='lat' dir='ltr'>dirimendas</span> <span class='ocrx_word' id='word_1_39' title='bbox 640 666 837 733; x_wconf 88' lang='lat' dir='ltr'>quascunque</span> <span class='ocrx_word' id='word_1_40' title='bbox 860 648 1083 714; x_wconf 86' lang='lat' dir='ltr'>controversias</span> <span class='ocrx_word' id='word_1_41' title='bbox 1104 649 1186 714; x_wconf 85' lang='lat' dir='ltr'>circa</span> <span class='ocrx_word' id='word_1_42' title='bbox 1210 649 1403 714; x_wconf 79' lang='lat' dir='ltr'>validitatem</span> <span class='ocrx_word' id='word_1_43' title='bbox 1433 669 1501 714; x_wconf 84' lang='lat' dir='ltr'>ma·</span> 
     </span>
     <span class='ocr_line' id='line_1_6' title="bbox 250 751 1591 837; baseline 0 -19"><span class='ocrx_word' id='word_1_44' title='bbox 250 751 482 831; x_wconf 87' lang='lat' dir='ltr'>trimouiorum,</span> <span class='ocrx_word' id='word_1_45' title='bbox 512 771 592 837; x_wconf 88' lang='lat' dir='ltr'>quae</span> <span class='ocrx_word' id='word_1_46' title='bbox 621 752 653 818; x_wconf 89' lang='lat' dir='ltr'>in</span> <span class='ocrx_word' id='word_1_47' title='bbox 683 751 785 817; x_wconf 90' lang='lat' dir='ltr'>insula</span> <span class='ocrx_word' id='word_1_48' title='bbox 819 751 979 818; x_wconf 86' lang='lat' dir='ltr'>Meliteudi</span> <span class='ocrx_word' id='word_1_49' title='bbox 1003 753 1242 831; x_wconf 86' lang='lat' dir='ltr'>contrahuntur,</span> <span class='ocrx_word' id='word_1_50' title='bbox 1274 753 1502 819; x_wconf 79' lang='lat' dir='ltr'>sanctissimus</span> <span class='ocrx_word' id='word_1_51' title='bbox 1590 759 1591 824; x_wconf 66' lang='grc' dir='ltr'>ζ</span> 
     </span>
     <span class='ocr_line' id='line_1_7' title="bbox 252 855 1498 940; baseline -0.001 -17"><span class='ocrx_word' id='word_1_52' title='bbox 252 857 403 924; x_wconf 84' lang='lat' dir='ltr'>Dominus</span> <span class='ocrx_word' id='word_1_53' title='bbox 434 857 547 922; x_wconf 89' lang='lat' dir='ltr'>Noster</span> <span class='ocrx_word' id='word_1_54' title='bbox 575 856 634 922; x_wconf 84' lang='lat' dir='ltr'>Leo</span> <span class='ocrx_word' id='word_1_55' title='bbox 661 855 767 921; x_wconf 84' lang='lat' dir='ltr'>diuina</span> <span class='ocrx_word' id='word_1_56' title='bbox 794 857 992 923; x_wconf 87' lang='lat' dir='ltr'>Providentia</span> <span class='ocrx_word' id='word_1_57' title='bbox 1023 858 1107 940; x_wconf 87' lang='lat' dir='ltr'>Papa</span> <span class='ocrx_word' id='word_1_58' title='bbox 1131 857 1232 935; x_wconf 88' lang='lat' dir='ltr'>XIll.,</span> <span class='ocrx_word' id='word_1_59' title='bbox 1266 857 1416 922; x_wconf 79' lang='lat' dir='ltr'><strong>referente</strong></span> <span class='ocrx_word' id='word_1_60' title='bbox 1449 877 1498 922; x_wconf 83' lang='lat' dir='ltr'>rna</span> 
     </span>
     <span class='ocr_line' id='line_1_8' title="bbox 252 959 1501 1046; baseline -0.002 -20"><span class='ocrx_word' id='word_1_61' title='bbox 252 961 449 1045; x_wconf 78' lang='lat' dir='ltr'>infrascripto</span> <span class='ocrx_word' id='word_1_62' title='bbox 478 960 651 1027; x_wconf 73' lang='lat' dir='ltr'>decretorio</span> <span class='ocrx_word' id='word_1_63' title='bbox 676 959 706 1026; x_wconf 87' lang='lat' dir='ltr'>S.</span> <span class='ocrx_word' id='word_1_64' title='bbox 730 959 986 1046; x_wconf 74' lang='lat' dir='ltr'>congregationis</span> <span class='ocrx_word' id='word_1_65' title='bbox 1015 961 1160 1046; x_wconf 75' lang='lat' dir='ltr'>Negotiis</span> <span class='ocrx_word' id='word_1_66' title='bbox 1188 961 1413 1026; x_wconf 84' lang='lat' dir='ltr'>llcclesiastiuis</span> <span class='ocrx_word' id='word_1_67' title='bbox 1447 981 1501 1026; x_wconf 86' lang='lat' dir='ltr'>ex-</span> 
     </span>
     <span class='ocr_line' id='line_1_9' title="bbox 251 1064 1500 1151; baseline -0.002 -20"><span class='ocrx_word' id='word_1_68' title='bbox 251 1065 465 1132; x_wconf 86' lang='lat' dir='ltr'>traordinariis</span> <span class='ocrx_word' id='word_1_69' title='bbox 488 1064 695 1148; x_wconf 81' lang='lat' dir='ltr'>praepositas,</span> <span class='ocrx_word' id='word_1_70' title='bbox 730 1065 804 1130; x_wconf 87' lang='lat' dir='ltr'>haec</span> <span class='ocrx_word' id='word_1_71' title='bbox 833 1084 911 1150; x_wconf 83' lang='lat' dir='ltr'>quac</span> <span class='ocrx_word' id='word_1_72' title='bbox 941 1067 1113 1151; x_wconf 87' lang='lat' dir='ltr'>sequuntur</span> <span class='ocrx_word' id='word_1_73' title='bbox 1146 1085 1199 1150; x_wconf 89' lang='lat' dir='ltr'>pro</span> <span class='ocrx_word' id='word_1_74' title='bbox 1230 1065 1407 1150; x_wconf 82' lang='lat' dir='ltr'>Apostolico</span> <span class='ocrx_word' id='word_1_75' title='bbox 1441 1085 1500 1132; x_wconf 89' lang='lat' dir='ltr'>suo</span> 
     </span>
     <span class='ocr_line' id='line_1_10' title="bbox 251 1167 735 1236; baseline -0.008 0"><span class='ocrx_word' id='word_1_76' title='bbox 251 1188 378 1236; x_wconf 84' lang='lat' dir='ltr'>munero</span> <span class='ocrx_word' id='word_1_77' title='bbox 401 1169 512 1234; x_wconf 79' lang='lat' dir='ltr'>statuit</span> <span class='ocrx_word' id='word_1_78' title='bbox 535 1167 735 1234; x_wconf 86' lang='lat' dir='ltr'>decernanda.</span> 
     </span>
    </p>

    <p class='ocr_par' dir='ltr' id='par_1_5' title="bbox 251 1271 1592 1758">
     <span class='ocr_line' id='line_1_11' title="bbox 359 1271 1498 1358; baseline -0.004 -18"><span class='ocrx_word' id='word_1_79' title='bbox 359 1275 386 1342; x_wconf 93' lang='lat' dir='ltr'>l.</span> <span class='ocrx_word' id='word_1_80' title='bbox 412 1272 612 1339; x_wconf 77' lang='lat' dir='ltr'>Matrimonia</span> <span class='ocrx_word' id='word_1_81' title='bbox 632 1271 711 1338; x_wconf 89' lang='lat' dir='ltr'>inita</span> <span class='ocrx_word' id='word_1_82' title='bbox 734 1274 782 1339; x_wconf 87' lang='lat' dir='ltr'>vel</span> <span class='ocrx_word' id='word_1_83' title='bbox 805 1272 939 1339; x_wconf 89' lang='lat' dir='ltr'>ineunda</span> <span class='ocrx_word' id='word_1_84' title='bbox 954 1274 993 1340; x_wconf 88' lang='lat' dir='ltr'>ab</span> <span class='ocrx_word' id='word_1_85' title='bbox 1010 1274 1048 1339; x_wconf 91' lang='lat' dir='ltr'>iis</span> <span class='ocrx_word' id='word_1_86' title='bbox 1064 1275 1215 1352; x_wconf 81' lang='lat' dir='ltr'>omnibus,</span> <span class='ocrx_word' id='word_1_87' title='bbox 1240 1273 1291 1358; x_wconf 87' lang='lat' dir='ltr'>qui</span> <span class='ocrx_word' id='word_1_88' title='bbox 1308 1273 1498 1338; x_wconf 84' lang='lat' dir='ltr'>catholicam</span> 
     </span>
     <span class='ocr_line' id='line_1_12' title="bbox 251 1377 1592 1472; baseline -0.004 -28"><span class='ocrx_word' id='word_1_89' title='bbox 251 1379 436 1463; x_wconf 87' lang='lat' dir='ltr'>profitentur</span> <span class='ocrx_word' id='word_1_90' title='bbox 459 1377 658 1462; x_wconf 79' lang='lat' dir='ltr'>religionem,</span> <span class='ocrx_word' id='word_1_91' title='bbox 687 1377 751 1444; x_wconf 86' lang='lat' dir='ltr'>aive</span> <span class='ocrx_word' id='word_1_92' title='bbox 780 1378 861 1462; x_wconf 90' lang='lat' dir='ltr'>quod</span> <span class='ocrx_word' id='word_1_93' title='bbox 892 1379 1020 1462; x_wconf 88' lang='lat' dir='ltr'>uterque</span> <span class='ocrx_word' id='word_1_94' title='bbox 1051 1379 1235 1446; x_wconf 85' lang='lat' dir='ltr'>contrahens</span> <span class='ocrx_word' id='word_1_95' title='bbox 1258 1379 1300 1444; x_wconf 88' lang='lat' dir='ltr'>sit</span> <span class='ocrx_word' id='word_1_96' title='bbox 1320 1377 1498 1443; x_wconf 87' lang='lat' dir='ltr'>catholicus</span> <span class='ocrx_word' id='word_1_97' title='bbox 1591 1409 1592 1472; x_wconf 56' lang='lat' dir='ltr'>p</span> 
     </span>
     <span class='ocr_line' id='line_1_13' title="bbox 252 1477 1592 1568; baseline -0.007 -20"><span class='ocrx_word' id='word_1_98' title='bbox 252 1483 317 1549; x_wconf 88' lang='lat' dir='ltr'>sire</span> <span class='ocrx_word' id='word_1_99' title='bbox 339 1482 419 1568; x_wconf 88' lang='lat' dir='ltr'>quod</span> <span class='ocrx_word' id='word_1_100' title='bbox 443 1481 522 1547; x_wconf 88' lang='lat' dir='ltr'>alter</span> <span class='ocrx_word' id='word_1_101' title='bbox 544 1481 587 1547; x_wconf 89' lang='lat' dir='ltr'>sit</span> <span class='ocrx_word' id='word_1_102' title='bbox 615 1481 805 1560; x_wconf 77' lang='lat' dir='ltr'>catholicus,</span> <span class='ocrx_word' id='word_1_103' title='bbox 832 1482 912 1548; x_wconf 87' lang='lat' dir='ltr'>alter</span> <span class='ocrx_word' id='word_1_104' title='bbox 943 1481 1162 1561; x_wconf 83' lang='lat' dir='ltr'>heterodoxus,</span> <span class='ocrx_word' id='word_1_105' title='bbox 1194 1482 1297 1548; x_wconf 84' lang='lat' dir='ltr'>valida</span> <span class='ocrx_word' id='word_1_106' title='bbox 1328 1501 1387 1546; x_wconf 91' lang='lat' dir='ltr'>non</span> <span class='ocrx_word' id='word_1_107' title='bbox 1418 1501 1500 1556; x_wconf 86' lang='lat' dir='ltr'>csse,</span> <span class='ocrx_word' id='word_1_108' title='bbox 1591 1477 1592 1538; x_wconf 69' lang='grc' dir='ltr'>ἶ</span> 
     </span>
     <span class='ocr_line' id='line_1_14' title="bbox 252 1585 1498 1670; baseline -0.003 -17"><span class='ocrx_word' id='word_1_109' title='bbox 252 1587 311 1654; x_wconf 90' lang='lat' dir='ltr'>nisi</span> <span class='ocrx_word' id='word_1_110' title='bbox 332 1587 487 1653; x_wconf 88' lang='lat' dir='ltr'>celebrata</span> <span class='ocrx_word' id='word_1_111' title='bbox 508 1585 621 1652; x_wconf 86' lang='lat' dir='ltr'>luerint</span> <span class='ocrx_word' id='word_1_112' title='bbox 640 1585 730 1669; x_wconf 84' lang='lat' dir='ltr'>juxta</span> <span class='ocrx_word' id='word_1_113' title='bbox 745 1585 877 1652; x_wconf 80' lang='lat' dir='ltr'>formam</span> <span class='ocrx_word' id='word_1_114' title='bbox 893 1605 912 1651; x_wconf 89' lang='lat' dir='ltr'>a</span> <span class='ocrx_word' id='word_1_115' title='bbox 928 1585 959 1654; x_wconf 84' lang='lat' dir='ltr'>S.</span> <span class='ocrx_word' id='word_1_116' title='bbox 975 1585 1111 1652; x_wconf 83' lang='lat' dir='ltr'>Concilio</span> <span class='ocrx_word' id='word_1_117' title='bbox 1129 1586 1310 1652; x_wconf 81' lang='lat' dir='ltr'>Tridentino</span> <span class='ocrx_word' id='word_1_118' title='bbox 1326 1586 1498 1670; x_wconf 84' lang='lat' dir='ltr'>praescrip-</span> 
     </span>
     <span class='ocr_line' id='line_1_15' title="bbox 253 1687 1209 1758; baseline 0 -1"><span class='ocrx_word' id='word_1_119' title='bbox 253 1693 318 1757; x_wconf 86' lang='lat' dir='ltr'>tarn</span> <span class='ocrx_word' id='word_1_120' title='bbox 343 1691 373 1756; x_wconf 91' lang='lat' dir='ltr'>iu</span> <span class='ocrx_word' id='word_1_121' title='bbox 397 1689 431 1758; x_wconf 84' lang='lat' dir='ltr'>O.</span> <span class='ocrx_word' id='word_1_122' title='bbox 458 1692 473 1754; x_wconf 95' lang='lat' dir='ltr'>l</span> <span class='ocrx_word' id='word_1_123' title='bbox 500 1689 638 1756; x_wconf 80' lang='lat' dir='ltr'>Tametsi</span> <span class='ocrx_word' id='word_1_124' title='bbox 661 1687 741 1757; x_wconf 86' lang='lat' dir='ltr'>Saea.</span> <span class='ocrx_word' id='word_1_125' title='bbox 764 1689 871 1755; x_wconf 85' lang='lat' dir='ltr'>XXIV</span> <span class='ocrx_word' id='word_1_126' title='bbox 897 1690 935 1755; x_wconf 90' lang='lat' dir='ltr'>de</span> <span class='ocrx_word' id='word_1_127' title='bbox 959 1690 1092 1756; x_wconf 84' lang='lat' dir='ltr'>ltciorm.</span> <span class='ocrx_word' id='word_1_128' title='bbox 1116 1691 1209 1758; x_wconf 87' lang='lat' dir='ltr'>Matr.</span> 
     </span>
    </p>

    <p class='ocr_par' dir='ltr' id='par_1_6' title="bbox 253 1793 1591 1981">
     <span class='ocr_line' id='line_1_16' title="bbox 358 1793 1497 1879; baseline -0.002 -19"><span class='ocrx_word' id='word_1_129' title='bbox 358 1797 388 1864; x_wconf 88' lang='lat'>2.</span> <span class='ocrx_word' id='word_1_130' title='bbox 422 1795 479 1860; x_wconf 81' lang='lat' dir='ltr'>llos</span> <span class='ocrx_word' id='word_1_131' title='bbox 503 1813 573 1860; x_wconf 84' lang='lat' dir='ltr'>vcro</span> <span class='ocrx_word' id='word_1_132' title='bbox 598 1795 650 1878; x_wconf 88' lang='lat' dir='ltr'>qni</span> <span class='ocrx_word' id='word_1_133' title='bbox 674 1793 829 1860; x_wconf 83' lang='lat' dir='ltr'>diversum</span> <span class='ocrx_word' id='word_1_134' title='bbox 853 1813 871 1859; x_wconf 97' lang='lat' dir='ltr'>a</span> <span class='ocrx_word' id='word_1_135' title='bbox 894 1794 1046 1861; x_wconf 87' lang='lat' dir='ltr'>catholico</span> <span class='ocrx_word' id='word_1_136' title='bbox 1069 1795 1187 1861; x_wconf 87' lang='lat' dir='ltr'>cultum</span> <span class='ocrx_word' id='word_1_137' title='bbox 1215 1795 1413 1879; x_wconf 81' lang='lat' dir='ltr'>profitentur,</span> <span class='ocrx_word' id='word_1_138' title='bbox 1440 1813 1497 1859; x_wconf 89' lang='lat' dir='ltr'>va-</span> 
     </span>
     <span class='ocr_line' id='line_1_17' title="bbox 253 1897 1591 1981; baseline -0.002 -17"><span class='ocrx_word' id='word_1_139' title='bbox 253 1899 315 1966; x_wconf 87' lang='lat' dir='ltr'>lide</span> <span class='ocrx_word' id='word_1_140' title='bbox 339 1898 518 1965; x_wconf 87' lang='lat' dir='ltr'>contrahere</span> <span class='ocrx_word' id='word_1_141' title='bbox 540 1915 628 1981; x_wconf 88' lang='lat' dir='ltr'>posso</span> <span class='ocrx_word' id='word_1_142' title='bbox 651 1897 882 1964; x_wconf 85' lang='lat' dir='ltr'>matrimonium</span> <span class='ocrx_word' id='word_1_143' title='bbox 904 1898 984 1964; x_wconf 85' lang='lat' dir='ltr'>iuter</span> <span class='ocrx_word' id='word_1_144' title='bbox 1007 1917 1048 1977; x_wconf 83' lang='lat' dir='ltr'>se,</span> <span class='ocrx_word' id='word_1_145' title='bbox 1073 1899 1196 1964; x_wconf 88' lang='lat' dir='ltr'>etiamsi</span> <span class='ocrx_word' id='word_1_146' title='bbox 1217 1899 1347 1964; x_wconf 83' lang='lat' dir='ltr'>formam</span> <span class='ocrx_word' id='word_1_147' title='bbox 1366 1897 1498 1964; x_wconf 79' lang='lat' dir='ltr'>Consilii</span> <span class='ocrx_word' id='word_1_148' title='bbox 1590 1961 1591 1970; x_wconf 66' lang='grc'>,</span> 
     </span>
    </p>

    <p class='ocr_par' dir='ltr' id='par_1_7' title="bbox 137 2001 1498 2192">
     <span class='ocr_line' id='line_1_18' title="bbox 137 2001 1496 2086; baseline -0.001 -18"><span class='ocrx_word' id='word_1_149' title='bbox 137 2021 142 2026; x_wconf 91' lang='grc'>·</span> <span class='ocrx_word' id='word_1_150' title='bbox 254 2003 428 2068; x_wconf 81' lang='lat' dir='ltr'>Tridentini</span> <span class='ocrx_word' id='word_1_151' title='bbox 449 2021 506 2068; x_wconf 91' lang='lat' dir='ltr'>nou</span> <span class='ocrx_word' id='word_1_152' title='bbox 530 2004 663 2082; x_wconf 78' lang='lat' dir='ltr'>servent,</span> <span class='ocrx_word' id='word_1_153' title='bbox 684 2001 849 2068; x_wconf 89' lang='lat' dir='ltr'>dnmmodo</span> <span class='ocrx_word' id='word_1_154' title='bbox 873 2003 1049 2086; x_wconf 86' lang='lat' dir='ltr'>ceteroquin</span> <span class='ocrx_word' id='word_1_155' title='bbox 1070 2003 1154 2068; x_wconf 86' lang='lat' dir='ltr'>aliud</span> <span class='ocrx_word' id='word_1_156' title='bbox 1175 2022 1234 2069; x_wconf 89' lang='lat' dir='ltr'>non</span> <span class='ocrx_word' id='word_1_157' title='bbox 1251 2004 1353 2068; x_wconf 84' lang='lat' dir='ltr'>obstet</span> <span class='ocrx_word' id='word_1_158' title='bbox 1368 2003 1496 2068; x_wconf 87' lang='lat' dir='ltr'>canoni-</span> 
     </span>
     <span class='ocr_line' id='line_1_19' title="bbox 254 2104 1498 2192; baseline -0.002 -20"><span class='ocrx_word' id='word_1_159' title='bbox 254 2127 323 2172; x_wconf 90' lang='lat' dir='ltr'>cum</span> <span class='ocrx_word' id='word_1_160' title='bbox 336 2107 484 2172; x_wconf 87' lang='lat' dir='ltr'>dirimens</span> <span class='ocrx_word' id='word_1_161' title='bbox 497 2106 760 2190; x_wconf 88' lang='lat' dir='ltr'>impedimentum.</span> <span class='ocrx_word' id='word_1_162' title='bbox 782 2104 953 2173; x_wconf 82' lang='lat' dir='ltr'>Contrariis</span> <span class='ocrx_word' id='word_1_163' title='bbox 964 2107 1208 2192; x_wconf 88' lang='lat' dir='ltr'>quibuscumque</span> <span class='ocrx_word' id='word_1_164' title='bbox 1221 2107 1498 2172; x_wconf 88' lang='lat' dir='ltr'>nonobstantibus.</span> 
     </span>
    </p>

    <p class='ocr_par' dir='ltr' id='par_1_8' title="bbox 254 2209 1500 2400">
     <span class='ocr_line' id='line_1_20' title="bbox 358 2209 1500 2296; baseline -0.004 -18"><span class='ocrx_word' id='word_1_165' title='bbox 358 2211 473 2278; x_wconf 90' lang='lat' dir='ltr'>Datum</span> <span class='ocrx_word' id='word_1_166' title='bbox 509 2212 625 2278; x_wconf 86' lang='lat' dir='ltr'>Romae</span> <span class='ocrx_word' id='word_1_167' title='bbox 656 2229 676 2276; x_wconf 90' lang='lat' dir='ltr'>a</span> <span class='ocrx_word' id='word_1_168' title='bbox 708 2210 879 2276; x_wconf 86' lang='lat' dir='ltr'>Secretario</span> <span class='ocrx_word' id='word_1_169' title='bbox 915 2209 1052 2278; x_wconf 87' lang='lat' dir='ltr'>eiusdem</span> <span class='ocrx_word' id='word_1_170' title='bbox 1091 2209 1123 2276; x_wconf 80' lang='lat'>8.</span> <span class='ocrx_word' id='word_1_171' title='bbox 1156 2209 1411 2296; x_wconf 80' lang='lat' dir='ltr'>Oorrgregationis</span> <span class='ocrx_word' id='word_1_172' title='bbox 1450 2211 1500 2274; x_wconf 89' lang='lat' dir='ltr'>die</span> 
     </span>
     <span class='ocr_line' id='line_1_21' title="bbox 254 2313 716 2400; baseline 0 -18"><span class='ocrx_word' id='word_1_173' title='bbox 254 2335 359 2383; x_wconf 89' lang='lat' dir='ltr'>mense</span> <span class='ocrx_word' id='word_1_174' title='bbox 381 2316 414 2382; x_wconf 92' lang='lat' dir='ltr'>ot</span> <span class='ocrx_word' id='word_1_175' title='bbox 437 2334 516 2381; x_wconf 87' lang='lat' dir='ltr'>auno</span> <span class='ocrx_word' id='word_1_176' title='bbox 540 2313 716 2400; x_wconf 88' lang='lat' dir='ltr'>praedictis.</span> 
     </span>
    </p>
   </div>
   <div class='ocr_carea' id='block_1_4' title="bbox 358 2417 1498 2593">
    <p class='ocr_par' dir='ltr' id='par_1_9' title="bbox 358 2417 1498 2593">
     <span class='ocr_line' id='line_1_22' title="bbox 628 2417 1454 2497; baseline 0 -13"><span class='ocrx_word' id='word_1_177' title='bbox 628 2417 818 2486; x_wconf 79' lang='lat' dir='ltr'>Dominions</span> <span class='ocrx_word' id='word_1_178' title='bbox 834 2419 927 2488; x_wconf 83' lang='lat' dir='ltr'>droh.</span> <span class='ocrx_word' id='word_1_179' title='bbox 944 2418 1236 2497; x_wconf 85' lang='lat' dir='ltr'>Thessalonicensis,</span> <span class='ocrx_word' id='word_1_180' title='bbox 1253 2417 1454 2484; x_wconf 73' lang='lat' dir='ltr'>secretarius.</span> 
     </span>
     <span class='ocr_line' id='line_1_23' title="bbox 358 2521 1498 2593; baseline -0.002 -15"><span class='ocrx_word' id='word_1_181' title='bbox 358 2522 407 2579; x_wconf 79' lang='lat' dir='ltr'>Als</span> <span class='ocrx_word' id='word_1_182' title='bbox 429 2521 574 2578; x_wconf 80' lang='lat' dir='ltr'>daraulhiu</span> <span class='ocrx_word' id='word_1_183' title='bbox 599 2521 646 2577; x_wconf 89' lang='lat' dir='ltr'>der</span> <span class='ocrx_word' id='word_1_184' title='bbox 667 2521 824 2578; x_wconf 81' lang='lat' dir='ltr'>Drzhischoi</span> <span class='ocrx_word' id='word_1_185' title='bbox 840 2538 891 2576; x_wconf 83' lang='lat' dir='ltr'>ron</span> <span class='ocrx_word' id='word_1_186' title='bbox 909 2522 997 2578; x_wconf 83' lang='lat' dir='ltr'>Malta</span> <span class='ocrx_word' id='word_1_187' title='bbox 1018 2539 1065 2578; x_wconf 83' lang='lat' dir='ltr'>aur</span> <span class='ocrx_word' id='word_1_188' title='bbox 1086 2521 1201 2593; x_wconf 87' lang='lat' dir='ltr'>Hebung</span> <span class='ocrx_word' id='word_1_189' title='bbox 1219 2521 1299 2590; x_wconf 87' lang='lat' dir='ltr'>jeden</span> <span class='ocrx_word' id='word_1_190' title='bbox 1319 2522 1443 2578; x_wconf 83' lang='lat' dir='ltr'>Zueiiels</span> <span class='ocrx_word' id='word_1_191' title='bbox 1463 2539 1498 2576; x_wconf 84' lang='lat' dir='ltr'>an</span> 
     </span>
    </p>
   </div>
   <div class='ocr_carea' id='block_1_5' title="bbox 254 2605 1502 4186">
    <p class='ocr_par' dir='ltr' id='par_1_10' title="bbox 254 2605 1499 2940">
     <span class='ocr_line' id='line_1_24' title="bbox 255 2605 1499 2681; baseline -0.002 -17"><span class='ocrx_word' id='word_1_192' title='bbox 255 2609 334 2666; x_wconf 82' lang='lat' dir='ltr'>Scine</span> <span class='ocrx_word' id='word_1_193' title='bbox 352 2609 504 2681; x_wconf 84' lang='lat' dir='ltr'>Heiligkeit</span> <span class='ocrx_word' id='word_1_194' title='bbox 522 2608 565 2664; x_wconf 87' lang='lat' dir='ltr'>dio</span> <span class='ocrx_word' id='word_1_195' title='bbox 585 2607 660 2664; x_wconf 85' lang='lat' dir='ltr'>Bitte</span> <span class='ocrx_word' id='word_1_196' title='bbox 676 2607 778 2672; x_wconf 77' lang='lat' dir='ltr'>stellis,</span> <span class='ocrx_word' id='word_1_197' title='bbox 797 2607 865 2663; x_wconf 87' lang='lat' dir='ltr'>auch</span> <span class='ocrx_word' id='word_1_198' title='bbox 882 2605 926 2663; x_wconf 88' lang='lat' dir='ltr'>dic</span> <span class='ocrx_word' id='word_1_199' title='bbox 946 2624 994 2664; x_wconf 84' lang='lat' dir='ltr'>vor</span> <span class='ocrx_word' id='word_1_200' title='bbox 1010 2606 1070 2663; x_wconf 88' lang='lat' dir='ltr'>dem</span> <span class='ocrx_word' id='word_1_201' title='bbox 1090 2609 1131 2662; x_wconf 83' lang='lat'>12.</span> <span class='ocrx_word' id='word_1_202' title='bbox 1150 2609 1253 2664; x_wconf 87' lang='lat' dir='ltr'>Januar</span> <span class='ocrx_word' id='word_1_203' title='bbox 1273 2609 1337 2662; x_wconf 85' lang='lat'>1890</span> <span class='ocrx_word' id='word_1_204' title='bbox 1357 2607 1427 2662; x_wconf 90' lang='lat' dir='ltr'>ohne</span> <span class='ocrx_word' id='word_1_205' title='bbox 1446 2607 1499 2662; x_wconf 85' lang='lat' dir='ltr'>Be·</span> 
     </span>
     <span class='ocr_line' id='line_1_25' title="bbox 254 2693 1499 2767; baseline -0.003 -15"><span class='ocrx_word' id='word_1_206' title='bbox 254 2695 411 2767; x_wconf 82' lang='lat' dir='ltr'>obacbtuug</span> <span class='ocrx_word' id='word_1_207' title='bbox 433 2695 481 2751; x_wconf 89' lang='lat' dir='ltr'>der</span> <span class='ocrx_word' id='word_1_208' title='bbox 502 2695 738 2752; x_wconf 84' lang='lat' dir='ltr'>Tridentinirohon</span> <span class='ocrx_word' id='word_1_209' title='bbox 762 2695 840 2750; x_wconf 83' lang='lat' dir='ltr'>Torm</span> <span class='ocrx_word' id='word_1_210' title='bbox 870 2695 1109 2766; x_wconf 83' lang='lat' dir='ltr'>chgeschlossenen</span> <span class='ocrx_word' id='word_1_211' title='bbox 1137 2695 1212 2752; x_wconf 81' lang='lat' dir='ltr'>Dhen</span> <span class='ocrx_word' id='word_1_212' title='bbox 1239 2694 1287 2750; x_wconf 91' lang='lat' dir='ltr'>der</span> <span class='ocrx_word' id='word_1_213' title='bbox 1314 2693 1499 2749; x_wconf 75' lang='lat' dir='ltr'>hhatholilreu</span> 
     </span>
     <span class='ocr_line' id='line_1_26' title="bbox 256 2779 1499 2854; baseline -0.003 -16"><span class='ocrx_word' id='word_1_214' title='bbox 256 2787 336 2838; x_wconf 82' lang='lat' dir='ltr'>noter</span> <span class='ocrx_word' id='word_1_215' title='bbox 353 2783 411 2838; x_wconf 81' lang='lat' dir='ltr'>sich</span> <span class='ocrx_word' id='word_1_216' title='bbox 430 2781 474 2837; x_wconf 78' lang='lat' dir='ltr'>ihr</span> <span class='ocrx_word' id='word_1_217' title='bbox 493 2783 585 2854; x_wconf 80' lang='lat' dir='ltr'>gultig</span> <span class='ocrx_word' id='word_1_218' title='bbox 601 2799 634 2836; x_wconf 83' lang='lat' dir='ltr'>su</span> <span class='ocrx_word' id='word_1_219' title='bbox 652 2783 791 2846; x_wconf 67' lang='lat' dir='ltr'>uskiusan,</span> <span class='ocrx_word' id='word_1_220' title='bbox 816 2781 933 2852; x_wconf 80' lang='lat' dir='ltr'>erfolgte</span> <span class='ocrx_word' id='word_1_221' title='bbox 957 2797 1000 2837; x_wconf 87' lang='lat' dir='ltr'>nm</span> <span class='ocrx_word' id='word_1_222' title='bbox 1023 2783 1048 2838; x_wconf 74' lang='grc'>2.</span> <span class='ocrx_word' id='word_1_223' title='bbox 1069 2781 1134 2837; x_wconf 86' lang='lat' dir='ltr'>Juni</span> <span class='ocrx_word' id='word_1_224' title='bbox 1153 2782 1222 2837; x_wconf 74' lang='grc'><strong>1892</strong></span> <span class='ocrx_word' id='word_1_225' title='bbox 1243 2781 1287 2836; x_wconf 92' lang='lat' dir='ltr'>die</span> <span class='ocrx_word' id='word_1_226' title='bbox 1305 2781 1413 2836; x_wconf 84' lang='lat' dir='ltr'>weltere</span> <span class='ocrx_word' id='word_1_227' title='bbox 1433 2779 1499 2834; x_wconf 74' lang='lat' dir='ltr'>llut-</span> 
     </span>
     <span class='ocr_line' id='line_1_27' title="bbox 256 2868 420 2940; baseline -0.012 -14"><span class='ocrx_word' id='word_1_228' title='bbox 256 2868 420 2940; x_wconf 79' lang='lat' dir='ltr'>scheidung:</span> 
     </span>
    </p>

    <p class='ocr_par' dir='ltr' id='par_1_11' title="bbox 257 2954 1502 3874">
     <span class='ocr_line' id='line_1_28' title="bbox 361 2954 1499 3041; baseline -0.004 -19"><span class='ocrx_word' id='word_1_229' title='bbox 361 2954 671 3041; x_wconf 74' lang='lat' dir='ltr'>incongregatione</span> <span class='ocrx_word' id='word_1_230' title='bbox 701 2957 844 3024; x_wconf 83' lang='lat' dir='ltr'>Generali</span> <span class='ocrx_word' id='word_1_231' title='bbox 875 2955 906 3026; x_wconf 84' lang='lat' dir='ltr'>S.</span> <span class='ocrx_word' id='word_1_232' title='bbox 940 2957 975 3022; x_wconf 86' lang='lat' dir='ltr'>ll.</span> <span class='ocrx_word' id='word_1_233' title='bbox 1003 2957 1036 3022; x_wconf 90' lang='lat' dir='ltr'>et</span> <span class='ocrx_word' id='word_1_234' title='bbox 1065 2956 1254 3022; x_wconf 87' lang='lat' dir='ltr'>Universalis</span> <span class='ocrx_word' id='word_1_235' title='bbox 1284 2955 1499 3038; x_wconf 79' lang='lat' dir='ltr'>Inquisitionis</span> 
     </span>
     <span class='ocr_line' id='line_1_29' title="bbox 258 3057 1498 3136; baseline -0.004 -9"><span class='ocrx_word' id='word_1_236' title='bbox 258 3061 368 3128; x_wconf 87' lang='lat' dir='ltr'>habite</span> <span class='ocrx_word' id='word_1_237' title='bbox 396 3079 499 3128; x_wconf 84' lang='lat' dir='ltr'>coram</span> <span class='ocrx_word' id='word_1_238' title='bbox 528 3059 622 3126; x_wconf 88' lang='lat' dir='ltr'>llmis</span> <span class='ocrx_word' id='word_1_239' title='bbox 654 3063 688 3128; x_wconf 92' lang='lat' dir='ltr'>et</span> <span class='ocrx_word' id='word_1_240' title='bbox 720 3061 815 3136; x_wconf 76' lang='lat' dir='ltr'>ltmis.</span> <span class='ocrx_word' id='word_1_241' title='bbox 848 3060 885 3125; x_wconf 91' lang='lat' dir='ltr'>D.</span> <span class='ocrx_word' id='word_1_242' title='bbox 914 3059 953 3128; x_wconf 88' lang='lat' dir='ltr'>D.</span> <span class='ocrx_word' id='word_1_243' title='bbox 989 3059 1203 3132; x_wconf 82' lang='lat' dir='ltr'>Cardinalibus</span> <span class='ocrx_word' id='word_1_244' title='bbox 1238 3061 1268 3124; x_wconf 94' lang='lat' dir='ltr'>in</span> <span class='ocrx_word' id='word_1_245' title='bbox 1301 3060 1394 3125; x_wconf 89' lang='lat' dir='ltr'>rebus</span> <span class='ocrx_word' id='word_1_246' title='bbox 1425 3057 1498 3123; x_wconf 85' lang='lat' dir='ltr'>fidei</span> 
     </span>
     <span class='ocr_line' id='line_1_30' title="bbox 258 3163 1498 3249; baseline -0.003 -19"><span class='ocrx_word' id='word_1_247' title='bbox 258 3163 454 3248; x_wconf 85' lang='lat' dir='ltr'>generalibus</span> <span class='ocrx_word' id='word_1_248' title='bbox 482 3164 736 3249; x_wconf 87' lang='lat' dir='ltr'>Inquisitoribns,</span> <span class='ocrx_word' id='word_1_249' title='bbox 765 3163 920 3249; x_wconf 90' lang='lat' dir='ltr'>proposita</span> <span class='ocrx_word' id='word_1_250' title='bbox 949 3165 1160 3249; x_wconf 88' lang='lat' dir='ltr'>suprascripta</span> <span class='ocrx_word' id='word_1_251' title='bbox 1188 3163 1338 3230; x_wconf 87' lang='lat' dir='ltr'>instantia</span> <span class='ocrx_word' id='word_1_252' title='bbox 1364 3183 1389 3230; x_wconf 91' lang='lat' dir='ltr'>r.</span> <span class='ocrx_word' id='word_1_253' title='bbox 1414 3183 1443 3246; x_wconf 88' lang='lat' dir='ltr'>p.</span> <span class='ocrx_word' id='word_1_254' title='bbox 1468 3163 1498 3227; x_wconf 88' lang='lat' dir='ltr'>d.</span> 
     </span>
     <span class='ocr_line' id='line_1_31' title="bbox 258 3267 1499 3354; baseline -0.006 -18"><span class='ocrx_word' id='word_1_255' title='bbox 258 3268 490 3353; x_wconf 80' lang='lat' dir='ltr'>Archiepiscopi</span> <span class='ocrx_word' id='word_1_256' title='bbox 515 3269 656 3354; x_wconf 74' lang='lat' dir='ltr'>Episcopi</span> <span class='ocrx_word' id='word_1_257' title='bbox 679 3269 818 3336; x_wconf 87' lang='lat' dir='ltr'>lleliten.</span> <span class='ocrx_word' id='word_1_258' title='bbox 842 3289 879 3336; x_wconf 89' lang='lat' dir='ltr'>ac</span> <span class='ocrx_word' id='word_1_259' title='bbox 902 3269 1084 3353; x_wconf 91' lang='lat' dir='ltr'>praehabito</span> <span class='ocrx_word' id='word_1_260' title='bbox 1115 3274 1185 3335; x_wconf 86' lang='lat' dir='ltr'>voto</span> <span class='ocrx_word' id='word_1_261' title='bbox 1210 3269 1247 3335; x_wconf 94' lang='lat' dir='ltr'>D.</span> <span class='ocrx_word' id='word_1_262' title='bbox 1272 3269 1309 3336; x_wconf 87' lang='lat' dir='ltr'>D.</span> <span class='ocrx_word' id='word_1_263' title='bbox 1334 3267 1499 3334; x_wconf 81' lang='lat' dir='ltr'>Consulto·</span> 
     </span>
     <span class='ocr_line' id='line_1_32' title="bbox 257 3371 1499 3455; baseline -0.001 -17"><span class='ocrx_word' id='word_1_264' title='bbox 257 3393 342 3450; x_wconf 87' lang='lat' dir='ltr'>rum,</span> <span class='ocrx_word' id='word_1_265' title='bbox 373 3373 466 3440; x_wconf 91' lang='lat' dir='ltr'>iidem</span> <span class='ocrx_word' id='word_1_266' title='bbox 489 3373 568 3440; x_wconf 83' lang='lat' dir='ltr'>llrni.</span> <span class='ocrx_word' id='word_1_267' title='bbox 592 3391 628 3438; x_wconf 91' lang='lat' dir='ltr'>ao</span> <span class='ocrx_word' id='word_1_268' title='bbox 650 3373 728 3438; x_wconf 87' lang='lat' dir='ltr'>Rmi.</span> <span class='ocrx_word' id='word_1_269' title='bbox 752 3374 789 3440; x_wconf 89' lang='lat' dir='ltr'>D.</span> <span class='ocrx_word' id='word_1_270' title='bbox 814 3374 851 3440; x_wconf 93' lang='lat' dir='ltr'>D.</span> <span class='ocrx_word' id='word_1_271' title='bbox 875 3374 1096 3442; x_wconf 80' lang='lat' dir='ltr'>decreuerunt:</span> <span class='ocrx_word' id='word_1_272' title='bbox 1131 3376 1283 3438; x_wconf 78' lang='lat' dir='ltr'>»Attenia</span> <span class='ocrx_word' id='word_1_273' title='bbox 1305 3371 1453 3455; x_wconf 84' lang='lat' dir='ltr'>petitione</span> <span class='ocrx_word' id='word_1_274' title='bbox 1475 3393 1499 3437; x_wconf 88' lang='lat' dir='ltr'>r.</span> 
     </span>
     <span class='ocr_line' id='line_1_33' title="bbox 258 3475 1501 3564; baseline -0.003 -22"><span class='ocrx_word' id='word_1_275' title='bbox 258 3497 288 3564; x_wconf 92' lang='lat' dir='ltr'>p.</span> <span class='ocrx_word' id='word_1_276' title='bbox 309 3477 339 3545; x_wconf 91' lang='lat' dir='ltr'>d.</span> <span class='ocrx_word' id='word_1_277' title='bbox 363 3477 594 3561; x_wconf 80' lang='lat' dir='ltr'>Archiepiscopi</span> <span class='ocrx_word' id='word_1_278' title='bbox 616 3477 757 3561; x_wconf 77' lang='lat' dir='ltr'>Episcopi</span> <span class='ocrx_word' id='word_1_279' title='bbox 780 3477 920 3546; x_wconf 86' lang='lat' dir='ltr'>Meliten.</span> <span class='ocrx_word' id='word_1_280' title='bbox 937 3478 1171 3562; x_wconf 84' lang='lat' dir='ltr'>supplicandum</span> <span class='ocrx_word' id='word_1_281' title='bbox 1186 3477 1291 3543; x_wconf 85' lang='lat' dir='ltr'>SSmo.</span> <span class='ocrx_word' id='word_1_282' title='bbox 1309 3479 1343 3541; x_wconf 90' lang='lat' dir='ltr'>ut</span> <span class='ocrx_word' id='word_1_283' title='bbox 1359 3475 1501 3540; x_wconf 78' lang='lat' dir='ltr'>declaret</span> 
     </span>
     <span class='ocr_line' id='line_1_34' title="bbox 258 3579 1499 3660; baseline -0.002 -14"><span class='ocrx_word' id='word_1_284' title='bbox 258 3584 291 3647; x_wconf 88' lang='lat' dir='ltr'>et</span> <span class='ocrx_word' id='word_1_285' title='bbox 310 3581 456 3648; x_wconf 87' lang='lat' dir='ltr'>decernat</span> <span class='ocrx_word' id='word_1_286' title='bbox 478 3582 676 3648; x_wconf 89' lang='lat' dir='ltr'>matrimonia</span> <span class='ocrx_word' id='word_1_287' title='bbox 699 3582 919 3648; x_wconf 89' lang='lat' dir='ltr'>haereticorum</span> <span class='ocrx_word' id='word_1_288' title='bbox 944 3583 1024 3648; x_wconf 90' lang='lat' dir='ltr'>inter</span> <span class='ocrx_word' id='word_1_289' title='bbox 1043 3601 1085 3660; x_wconf 81' lang='lat' dir='ltr'>sc,</span> <span class='ocrx_word' id='word_1_290' title='bbox 1108 3601 1166 3647; x_wconf 91' lang='lat' dir='ltr'>non</span> <span class='ocrx_word' id='word_1_291' title='bbox 1183 3584 1305 3646; x_wconf 84' lang='lat' dir='ltr'>serrata</span> <span class='ocrx_word' id='word_1_292' title='bbox 1322 3579 1499 3644; x_wconf 83' lang='lat' dir='ltr'>Tridentini</span> 
     </span>
     <span class='ocr_line' id='line_1_35' title="bbox 259 3683 1502 3778; baseline -0.002 -28"><span class='ocrx_word' id='word_1_293' title='bbox 259 3685 373 3764; x_wconf 78' lang='lat' dir='ltr'>forma,</span> <span class='ocrx_word' id='word_1_294' title='bbox 409 3689 441 3751; x_wconf 93' lang='lat' dir='ltr'>in</span> <span class='ocrx_word' id='word_1_295' title='bbox 473 3685 579 3751; x_wconf 89' lang='lat' dir='ltr'>Insula</span> <span class='ocrx_word' id='word_1_296' title='bbox 608 3685 746 3752; x_wconf 85' lang='lat' dir='ltr'>Meliten.</span> <span class='ocrx_word' id='word_1_297' title='bbox 778 3686 926 3752; x_wconf 85' lang='lat' dir='ltr'>hactenus</span> <span class='ocrx_word' id='word_1_298' title='bbox 945 3689 1113 3778; x_wconf 32' lang='lat' dir='ltr'>&#39;contracte</span> <span class='ocrx_word' id='word_1_299' title='bbox 1144 3705 1198 3770; x_wconf 91' lang='lat' dir='ltr'>pro</span> <span class='ocrx_word' id='word_1_300' title='bbox 1225 3685 1333 3751; x_wconf 81' lang='lat' dir='ltr'>validis</span> <span class='ocrx_word' id='word_1_301' title='bbox 1357 3683 1502 3748; x_wconf 87' lang='lat' dir='ltr'>habenda</span> 
     </span>
     <span class='ocr_line' id='line_1_36' title="bbox 259 3788 1381 3874; baseline 0 -20"><span class='ocrx_word' id='word_1_302' title='bbox 259 3807 334 3867; x_wconf 87' lang='lat' dir='ltr'>csse,</span> <span class='ocrx_word' id='word_1_303' title='bbox 358 3788 521 3854; x_wconf 90' lang='lat' dir='ltr'>dummodo</span> <span class='ocrx_word' id='word_1_304' title='bbox 542 3788 627 3856; x_wconf 90' lang='lat' dir='ltr'>aliud</span> <span class='ocrx_word' id='word_1_305' title='bbox 650 3808 709 3856; x_wconf 89' lang='lat' dir='ltr'>non</span> <span class='ocrx_word' id='word_1_306' title='bbox 733 3790 890 3856; x_wconf 88' lang='lat' dir='ltr'>obstiterit</span> <span class='ocrx_word' id='word_1_307' title='bbox 912 3790 1092 3856; x_wconf 88' lang='lat' dir='ltr'>canonicum</span> <span class='ocrx_word' id='word_1_308' title='bbox 1115 3789 1381 3874; x_wconf 86' lang='lat' dir='ltr'>impedimentum.</span> 
     </span>
    </p>

    <p class='ocr_par' dir='ltr' id='par_1_12' title="bbox 515 3891 1012 3962">
     <span class='ocr_line' id='line_1_37' title="bbox 515 3891 1012 3962; baseline 0.008 -4"><span class='ocrx_word' id='word_1_309' title='bbox 515 3891 604 3959; x_wconf 81' lang='lat' dir='ltr'>Terta</span> <span class='ocrx_word' id='word_1_310' title='bbox 628 3893 672 3960; x_wconf 87' lang='lat' dir='ltr'>Vl</span> <span class='ocrx_word' id='word_1_311' title='bbox 694 3893 783 3959; x_wconf 81' lang='lat' dir='ltr'>dieil</span> <span class='ocrx_word' id='word_1_312' title='bbox 807 3893 895 3961; x_wconf 86' lang='lat' dir='ltr'>Junii</span> <span class='ocrx_word' id='word_1_313' title='bbox 920 3894 1012 3962; x_wconf 83' lang='lat'><strong>1892.</strong></span> 
     </span>
    </p>

    <p class='ocr_par' dir='ltr' id='par_1_13' title="bbox 362 3995 1499 4066">
     <span class='ocr_line' id='line_1_38' title="bbox 362 3995 1499 4066; baseline 0 -4"><span class='ocrx_word' id='word_1_314' title='bbox 362 3995 459 4062; x_wconf 81' lang='lat' dir='ltr'>Tacta</span> <span class='ocrx_word' id='word_1_315' title='bbox 491 3995 529 4063; x_wconf 86' lang='lat' dir='ltr'>de</span> <span class='ocrx_word' id='word_1_316' title='bbox 558 3997 607 4062; x_wconf 94' lang='lat' dir='ltr'>his</span> <span class='ocrx_word' id='word_1_317' title='bbox 637 3997 783 4063; x_wconf 87' lang='lat' dir='ltr'>relatione</span> <span class='ocrx_word' id='word_1_318' title='bbox 805 3995 900 4064; x_wconf 84' lang='lat' dir='ltr'>SSmo</span> <span class='ocrx_word' id='word_1_319' title='bbox 926 3999 961 4064; x_wconf 94' lang='lat' dir='ltr'>D.</span> <span class='ocrx_word' id='word_1_320' title='bbox 985 3999 1024 4065; x_wconf 86' lang='lat' dir='ltr'>N.</span> <span class='ocrx_word' id='word_1_321' title='bbox 1051 3998 1087 4065; x_wconf 92' lang='lat' dir='ltr'>D.</span> <span class='ocrx_word' id='word_1_322' title='bbox 1113 3997 1205 4064; x_wconf 82' lang='lat' dir='ltr'>Leoni</span> <span class='ocrx_word' id='word_1_323' title='bbox 1233 3997 1268 4065; x_wconf 89' lang='lat' dir='ltr'>P.</span> <span class='ocrx_word' id='word_1_324' title='bbox 1294 3999 1327 4066; x_wconf 90' lang='lat' dir='ltr'>P.</span> <span class='ocrx_word' id='word_1_325' title='bbox 1352 3997 1441 4063; x_wconf 86' lang='lat' dir='ltr'>XllI.</span> <span class='ocrx_word' id='word_1_326' title='bbox 1465 3998 1499 4062; x_wconf 89' lang='lat' dir='ltr'>in</span> 
     </span>
    </p>

    <p class='ocr_par' dir='ltr' id='par_1_14' title="bbox 258 4097 1499 4186">
     <span class='ocr_line' id='line_1_39' title="bbox 258 4097 1499 4186; baseline -0.002 -18"><span class='ocrx_word' id='word_1_327' title='bbox 258 4101 417 4168; x_wconf 90' lang='lat' dir='ltr'>audientia</span> <span class='ocrx_word' id='word_1_328' title='bbox 439 4120 464 4166; x_wconf 89' lang='lat' dir='ltr'>r.</span> <span class='ocrx_word' id='word_1_329' title='bbox 489 4121 518 4186; x_wconf 88' lang='lat' dir='ltr'>p.</span> <span class='ocrx_word' id='word_1_330' title='bbox 543 4097 572 4166; x_wconf 93' lang='lat' dir='ltr'>d.</span> <span class='ocrx_word' id='word_1_331' title='bbox 598 4100 759 4168; x_wconf 82' lang='lat' dir='ltr'>Adsessori</span> <span class='ocrx_word' id='word_1_332' title='bbox 780 4100 811 4170; x_wconf 86' lang='lat' dir='ltr'>S.</span> <span class='ocrx_word' id='word_1_333' title='bbox 834 4101 869 4169; x_wconf 92' lang='grc'>0.</span> <span class='ocrx_word' id='word_1_334' title='bbox 894 4101 1069 4186; x_wconf 82' lang='lat' dir='ltr'>impertita,</span> <span class='ocrx_word' id='word_1_335' title='bbox 1101 4102 1258 4168; x_wconf 86' lang='lat' dir='ltr'>Sanctitas</span> <span class='ocrx_word' id='word_1_336' title='bbox 1279 4102 1342 4167; x_wconf 86' lang='lat' dir='ltr'>Sua</span> <span class='ocrx_word' id='word_1_337' title='bbox 1366 4103 1499 4184; x_wconf 84' lang='lat' dir='ltr'>denique</span> 
     </span>
    </p>
   </div>
   <div class='ocr_carea' id='block_1_6' title="bbox 239 4205 1426 4290">
    <p class='ocr_par' dir='ltr' id='par_1_15' title="bbox 239 4205 1426 4290">
     <span class='ocr_line' id='line_1_40' title="bbox 239 4205 1426 4290; baseline -0.001 -19"><span class='ocrx_word' id='word_1_338' title='bbox 239 4226 391 4275; x_wconf 50' lang='lat' dir='ltr'>¹annuero</span> <span class='ocrx_word' id='word_1_339' title='bbox 413 4205 543 4290; x_wconf 84' lang='lat' dir='ltr'>dignata</span> <span class='ocrx_word' id='word_1_340' title='bbox 565 4207 612 4271; x_wconf 87' lang='lat' dir='ltr'>est</span> <span class='ocrx_word' id='word_1_341' title='bbox 635 4224 688 4289; x_wconf 90' lang='lat' dir='ltr'>pro</span> <span class='ocrx_word' id='word_1_342' title='bbox 710 4206 813 4288; x_wconf 85' lang='lat' dir='ltr'>gratia</span> <span class='ocrx_word' id='word_1_343' title='bbox 834 4205 922 4289; x_wconf 85' lang='lat' dir='ltr'>juxta</span> <span class='ocrx_word' id='word_1_344' title='bbox 946 4206 1090 4271; x_wconf 77' lang='lat' dir='ltr'>limorum</span> <span class='ocrx_word' id='word_1_345' title='bbox 1116 4207 1243 4272; x_wconf 89' lang='lat' dir='ltr'>Patrum</span> <span class='ocrx_word' id='word_1_346' title='bbox 1267 4205 1426 4290; x_wconf 85' lang='lat' dir='ltr'>sullragia.</span> 
     </span>
    </p>
   </div>
   <div class='ocr_carea' id='block_1_7' title="bbox 825 4308 1409 4378">
    <p class='ocr_par' dir='ltr' id='par_1_16' title="bbox 825 4308 1409 4378">
     <span class='ocr_line' id='line_1_41' title="bbox 825 4308 1409 4378; baseline -0.003 -2"><span class='ocrx_word' id='word_1_347' title='bbox 825 4309 856 4376; x_wconf 88' lang='lat' dir='ltr'>J.</span> <span class='ocrx_word' id='word_1_348' title='bbox 880 4310 1031 4377; x_wconf 80' lang='lat' dir='ltr'>Mancini</span> <span class='ocrx_word' id='word_1_349' title='bbox 1051 4309 1083 4376; x_wconf 84' lang='lat' dir='ltr'>S.</span> <span class='ocrx_word' id='word_1_350' title='bbox 1108 4311 1143 4378; x_wconf 79' lang='lat' dir='ltr'>R.</span> <span class='ocrx_word' id='word_1_351' title='bbox 1167 4313 1199 4376; x_wconf 91' lang='lat' dir='ltr'>ot</span> <span class='ocrx_word' id='word_1_352' title='bbox 1224 4309 1258 4378; x_wconf 90' lang='lat' dir='ltr'>U.</span> <span class='ocrx_word' id='word_1_353' title='bbox 1281 4308 1312 4378; x_wconf 88' lang='lat' dir='ltr'>J.</span> <span class='ocrx_word' id='word_1_354' title='bbox 1337 4311 1409 4375; x_wconf 89' lang='lat' dir='ltr'>Not.</span> 
     </span>
    </p>
   </div>
   <div class='ocr_carea' id='block_1_8' title="bbox 259 4411 1498 4654">
    <p class='ocr_par' dir='ltr' id='par_1_17' title="bbox 259 4411 1498 4654">
     <span class='ocr_line' id='line_1_42' title="bbox 362 4411 1498 4485; baseline -0.001 -18"><span class='ocrx_word' id='word_1_355' title='bbox 362 4411 413 4468; x_wconf 91' lang='lat' dir='ltr'>Die</span> <span class='ocrx_word' id='word_1_356' title='bbox 436 4429 488 4468; x_wconf 88' lang='lat' dir='ltr'>ron</span> <span class='ocrx_word' id='word_1_357' title='bbox 513 4411 695 4468; x_wconf 77' lang='lat' dir='ltr'>Akatholilen</span> <span class='ocrx_word' id='word_1_358' title='bbox 720 4411 748 4467; x_wconf 87' lang='lat' dir='ltr'>iu</span> <span class='ocrx_word' id='word_1_359' title='bbox 774 4413 861 4470; x_wconf 80' lang='lat' dir='ltr'>Malta</span> <span class='ocrx_word' id='word_1_360' title='bbox 886 4413 955 4468; x_wconf 89' lang='lat' dir='ltr'>ohne</span> <span class='ocrx_word' id='word_1_361' title='bbox 975 4412 1169 4485; x_wconf 85' lang='lat' dir='ltr'>Boobachtung</span> <span class='ocrx_word' id='word_1_362' title='bbox 1191 4413 1240 4469; x_wconf 88' lang='lat' dir='ltr'>der</span> <span class='ocrx_word' id='word_1_363' title='bbox 1263 4412 1498 4469; x_wconf 85' lang='lat' dir='ltr'>Tridentinischen</span> 
     </span>
     <span class='ocr_line' id='line_1_43' title="bbox 259 4497 1498 4570; baseline 0 -18"><span class='ocrx_word' id='word_1_364' title='bbox 259 4497 339 4552; x_wconf 78' lang='lat' dir='ltr'>Torrn</span> <span class='ocrx_word' id='word_1_365' title='bbox 357 4497 597 4568; x_wconf 83' lang='lat' dir='ltr'>ahgesohlossenen</span> <span class='ocrx_word' id='word_1_366' title='bbox 617 4497 692 4552; x_wconf 79' lang='lat' dir='ltr'>llhen</span> <span class='ocrx_word' id='word_1_367' title='bbox 710 4499 770 4553; x_wconf 87' lang='lat' dir='ltr'>sind</span> <span class='ocrx_word' id='word_1_368' title='bbox 791 4499 921 4554; x_wconf 87' lang='lat' dir='ltr'>domnach</span> <span class='ocrx_word' id='word_1_369' title='bbox 943 4500 1049 4570; x_wconf 82' lang='lat' dir='ltr'>girltig‚</span> <span class='ocrx_word' id='word_1_370' title='bbox 1069 4499 1111 4555; x_wconf 89' lang='lat' dir='ltr'>die</span> <span class='ocrx_word' id='word_1_371' title='bbox 1130 4502 1158 4555; x_wconf 89' lang='lat' dir='ltr'>in</span> <span class='ocrx_word' id='word_1_372' title='bbox 1177 4500 1314 4555; x_wconf 75' lang='lat' dir='ltr'>desselben</span> <span class='ocrx_word' id='word_1_373' title='bbox 1333 4499 1422 4555; x_wconf 85' lang='lat' dir='ltr'>Weise</span> <span class='ocrx_word' id='word_1_374' title='bbox 1441 4499 1498 4554; x_wconf 86' lang='lat' dir='ltr'>eiu·</span> 
     </span>
     <span class='ocr_line' id='line_1_44' title="bbox 259 4583 1017 4654; baseline 0.003 -18"><span class='ocrx_word' id='word_1_375' title='bbox 259 4599 436 4654; x_wconf 79' lang='lat' dir='ltr'>gegangenen</span> <span class='ocrx_word' id='word_1_376' title='bbox 455 4584 622 4652; x_wconf 82' lang='lat' dir='ltr'>gemischton</span> <span class='ocrx_word' id='word_1_377' title='bbox 641 4583 717 4638; x_wconf 77' lang='lat' dir='ltr'>llhcn</span> <span class='ocrx_word' id='word_1_378' title='bbox 735 4583 858 4654; x_wconf 83' lang='lat' dir='ltr'>dagegen</span> <span class='ocrx_word' id='word_1_379' title='bbox 876 4583 1017 4654; x_wconf 87' lang='lat' dir='ltr'>ungllltig.</span> 
     </span>
    </p>
   </div>
   <div class='ocr_carea' id='block_1_9' title="bbox 0 0 1627 4908">
    <p class='ocr_par' dir='ltr' id='par_1_18' title="bbox 0 0 1627 4908">
     <span class='ocr_line' id='line_1_45' title="bbox 0 0 1627 4908; baseline 0 0"><span class='ocrx_word' id='word_1_380' title='bbox 0 0 1627 4908; x_wconf 95' lang='lat' dir='ltr'> </span> 
     </span>
    </p>
   </div>
  </div>
 </body>
</html>
