3168 4898
300 195 343 254 lle
362 197 514 253 erectione
532 193 706 252 rrtccriatue
728 193 983 266 Bndcpeellrnair
1003 191 1110 262 (1892).
1264 176 1327 244 325

84 370 190 436 demta
210 373 313 434 tamen
338 367 525 452 primatiali,
557 368 732 452 pertinent,
762 368 1036 450 complectentem,
1061 366 1160 449 iisqne
1184 369 1328 450 exceptis,

81 493 163 558 quae
185 474 318 556 speciale
341 473 523 540 mandatum
544 473 721 556 requirunt,
746 473 806 536 nisi
826 473 920 537 etiam
946 473 1055 536 lrarum
1078 471 1256 536 exercitium
1280 472 1328 536 illi

85 599 140 660 per
164 578 227 643 Noa
248 589 424 643 concessum
449 577 551 642 luerit.
595 577 642 642 Ne
666 581 769 642 autem
791 577 873 642 circu
896 575 1163 659 compellationem
1186 575 1272 640 illius
1297 583 1328 642 et

84 682 329 748 iurisdictionem
374 682 440 746 tam
480 681 597 746 Vicarii
634 680 813 759 Generalis,
850 699 942 764 quam
984 677 1174 744 vicariorum
1218 680 1329 744 Archi-

85 787 313 870 llpiscopalium
344 802 399 851 seu
430 785 544 851 abusus
576 785 690 868 uliquis
722 785 853 867 irrepat,
886 803 940 848 seu
972 783 1181 866 discrepantia
1203 785 1329 863 oriatur,

83 890 134 956 illi
165 891 224 955 soli
257 893 289 955 et
324 891 413 955 unico
444 907 551 956 nomen
588 891 619 954 et
652 888 849 972 compellatio
881 888 996 952 Vicarii
1030 883 1191 952 Generalis
1218 889 1330 953 hrclri·

84 995 277 1078 Elpiscopulls
299 996 464 1077 competet.
512 993 687 1058 Vicariatue
720 993 824 1076 itaque
855 991 1015 1058 Generalis
1047 991 1268 1076 Strigoniensis
1291 993 1330 1057 ad

82 1101 185 1168 tutam
208 1097 493 1164 drobi-Dioscusim
516 1096 759 1180 strigoniensem
783 1095 975 1161 extendetur.

194 1202 383 1268 vicariatum
400 1201 643 1277 Tirnavieneem,
663 1205 754 1284 prout
768 1199 857 1265 illum
874 1218 893 1264 a
909 1200 1191 1284 praedecessoribus
1207 1199 1331 1266 Nostris

86 1308 262 1390 incoepimus
285 1306 386 1391 quoad
406 1306 507 1389 ipsum
530 1305 720 1371 territorium
745 1305 783 1369 ud
807 1305 888 1388 quod
915 1304 1107 1382 extenditur,
1139 1307 1172 1370 et
1196 1305 1330 1371 dotatio-

87 1431 170 1490 nem,
194 1429 287 1494 quam
310 1429 329 1474 a
351 1427 458 1476 mensa
480 1408 769 1492 Archi-ltpismpali
793 1408 933 1492 percipit,
957 1426 1047 1492 porro
1067 1426 1188 1491 quoque
1209 1409 1331 1474 salvum

86 1517 183 1599 utque
212 1516 369 1599 iutegmm
404 1532 471 1580 esse
501 1513 651 1581 uolumus.
708 1512 810 1595 Quam
846 1531 916 1578 vero
950 1513 1091 1577 Vicarins
1123 1511 1284 1578 Generalis
1316 1534 1332 1578 e

85 1619 287 1702 dispositione
317 1637 474 1684 sacrorum
505 1635 656 1683 canonum
686 1617 874 1682 incivitate
904 1616 1070 1700 episcopali
1094 1617 1275 1683 commorari
1300 1621 1331 1682 et

85 1723 202 1788 stabile
221 1723 412 1788 domicilium
434 1721 546 1787 habere
570 1721 681 1786 debeat
699 1722 732 1786 et
752 1721 817 1804 iam
838 1721 885 1786 rel
902 1721 940 1786 ch
956 1718 1036 1786 hanc
1050 1739 1174 1786 causum
1191 1721 1330 1786 Vicarins

86 1827 202 1892 Noster
225 1825 435 1892 Timaviensis
459 1824 620 1893 Generalis
643 1825 795 1896 nominari
828 1829 977 1908 nequeat,
1009 1825 1104 1889 salsis
1135 1826 1330 1891 manentibus

86 1931 219 2010 iuribus,
242 1950 320 2015 quae
341 1930 420 1996 Sede
444 1928 731 2013 Archi-Episcopali
752 1928 844 2012 plena
867 1947 1006 1994 exercere
1028 1928 1185 2012 hucusque
1200 1929 1329 2007 solebat,

85 2035 258 2104 statuimus
279 2038 312 2099 et
331 2035 370 2099 ud
391 2053 529 2099 normam
554 2053 594 2100 se.
616 2052 767 2099 canonum
782 2032 986 2110 decernimus,
1010 2034 1045 2097 nt
1063 2033 1203 2098 Vicarins
1221 2034 1331 2098 Archi·

87 2137 280 2223 Episcopulis
310 2138 477 2204 Districtus
506 2137 714 2202 Timaviensis
745 2137 927 2222 appelletur.
977 2137 1222 2202 iurisdictionem
1246 2137 1331 2202 illins

87 2243 365 2308 determinabimus
386 2241 556 2326 respective
579 2241 855 2306 determinavimus
878 2241 909 2305 in
934 2241 1062 2324 speciali
1087 2241 1226 2306 llecrsto.

195 2347 253 2412 His
280 2348 344 2431 jam
373 2344 549 2430 praemissis
577 2345 710 2410 alterum
738 2344 840 2410 udhuc
873 2344 1063 2409 vicariatum
1089 2343 1329 2428 Archi-ltpiscc·

87 2450 192 2534 palem
216 2450 363 2534 erigimus
387 2453 419 2514 et
442 2449 565 2532 quidem
592 2448 875 2532 Bndapestlensem.
903 2448 1050 2512 Volumus
1072 2449 1195 2524 autem,
1216 2451 1253 2513 ut
1278 2449 1331 2514 Vi·

88 2554 226 2620 curiatae
249 2555 297 2620 bic
318 2551 542 2638 complectatur
565 2552 837 2636 Metropolitanum
869 2552 1029 2618 civitatem
1054 2551 1329 2635 Budapestienscm

82 2677 158 2724 cum
202 2657 322 2744 integro
356 2658 502 2724 districtu
541 2655 760 2722 VADiaconuli
807 2655 1055 2738 Budapestiensi,
1108 2659 1198 2739 prout
1244 2657 1330 2722 illum

88 2762 328 2828 schematismos
349 2762 668 2828 Archi-Diceceeanus
692 2759 764 2826 anni
780 2759 933 2826 currentis
949 2761 1082 2838 exhibet,
1104 2777 1172 2824 curn
1190 2761 1332 2826 omnibns

90 2868 243 2951 parochiis
265 2869 358 2951 atque
380 2867 525 2932 fidelibus
547 2869 579 2930 iu
600 2867 692 2932 hocce
718 2864 936 2931 Vhlliaconali
960 2865 1112 2930 Districtu
1129 2865 1333 2930 existentibus

89 2991 129 3037 ac
152 2973 320 3054 respective
342 2970 565 3038 babitantibus.
605 2971 754 3036 Volumus
777 2974 813 3035 ut
837 2970 1014 3035 vicariatus
1037 2969 1087 3036 hic
1108 2969 1231 3035 nomine
1256 2970 1331 3034 »Vi-

91 3074 229 3140 cariatus
263 3074 565 3158 Archi-Episcopatu
603 3073 874 3158 Budapestiensisc
913 3074 1119 3159 insigniatur,
1152 3076 1185 3138 et
1218 3073 1332 3140 consti·

91 3177 225 3244 tuendus
250 3197 270 3243 a
299 3177 396 3244 Nobis
429 3177 568 3243 Vicarins
597 3196 720 3243 nomen,
737 3179 828 3262 gerat
864 3177 1001 3245 »Vicarii
1029 3178 1333 3261 Archi-Episcopalis

93 3281 374 3366 Budapestiensis.«
426 3281 475 3346 Ad
510 3301 621 3347 manns
655 3281 770 3348 Viturii
806 3282 962 3366 Allppalis
1000 3282 1250 3366 Budapeetiensis
1284 3301 1333 3348 as·

90 3405 211 3452 sumere
233 3384 401 3451 statuimus
424 3404 519 3450 unum
541 3405 558 3449 e
584 3385 651 3452 Res.
678 3384 786 3450 lanis
808 3385 972 3451 [laconicis
989 3387 1026 3452 V.
1051 3386 1189 3469 Gapituli
1212 3385 1247 3450 u.
1267 3385 1333 3450 hle·

91 3486 297 3571 tropolitanaa
318 3488 554 3573 strigoniensis,
588 3490 675 3555 cuius
706 3489 810 3557 dotem
833 3490 1023 3556 constituent
1045 3491 1117 3556 ante
1138 3489 1242 3554 omnia
1264 3509 1332 3572 pro·

91 3591 202 3655 ventus
223 3609 294 3656 eum
317 3611 454 3675 possesso
476 3593 515 3658 ah
538 3591 642 3658 ecdem
675 3592 767 3658 stallo
798 3591 968 3658 canonicali
1000 3593 1175 3677 conjuncti,
1205 3593 1332 3677 reliqna,

90 3711 170 3778 quus
200 3694 240 3760 ud
266 3696 498 3764 convenientem
521 3696 730 3781 dignitatique
752 3696 842 3761 illius
863 3696 1149 3780 correspondentem
1173 3697 1333 3763 honestam

89 3799 348 3864 sustentationem
372 3799 544 3865 necessaria
566 3801 664 3878 erunt,
689 3798 900 3883 supplebimus
923 3819 940 3865 e
965 3819 1071 3866 mensu
1094 3801 1333 3885 Archi-Episco-

92 3899 164 3985 pali.
208 3901 337 3987 Insuper
358 3903 523 3987 impetrato
546 3903 669 3986 praevio
693 3901 773 3970 Suae
797 3921 877 3970 caes.
907 3905 939 3968 et
958 3922 1023 3988 reg.
1048 3903 1244 3988 Apostolicae
1267 3905 1334 3970 Ma·

88 4006 215 4090 jmtatis
241 4006 393 4072 altissimo
424 4024 572 4073 consensu
606 4006 778 4072 humillime
807 4007 1001 4075 exorabimus
1031 4009 1153 4093 etjam
1184 4009 1222 4075 de
1251 4008 1335 4074 lacto
1438 4031 1440 4036 ·

92 4109 284 4176 exoravimus
312 4108 549 4176 Sanctissimnm
580 4109 745 4176 murinum
778 4111 943 4189 Nostrum,
977 4114 1013 4178 ut
1038 4113 1334 4180 constituendumu

93 4212 190 4280 Nobis
214 4211 372 4282 vicariam
400 4213 548 4280 Nostrum
577 4214 756 4298 Allppulem
789 4215 1061 4299 Budapeetiensem
1094 4216 1276 4301 llpisccpum
1302 4217 1334 4282 in

92 4317 233 4401 partibus
248 4317 406 4384 nominare
421 4318 566 4401 illiusque
581 4317 786 4402 episcopalem
808 4320 1068 4387 consecrationem
1098 4321 1337 4387 clementissime

94 4419 275 4504 permittere
296 4419 454 4506 dignetur.

199 4522 347 4593 Volumus
367 4545 455 4612 porro
477 4529 509 4594 et
531 4527 735 4614 disponimus,
759 4530 795 4596 ut
816 4527 1051 4596 constituendus
1076 4529 1217 4597 Vicarins
1242 4529 1332 4615 Alip-
