3228 4908
696 715 772 798 xtl.

356 874 508 959 licencia
534 875 839 976 consecrationum
868 873 1107 956 Romanarum.

424 1050 466 1115 A.
512 1049 567 1115 Ea
587 1048 620 1116 8.
644 1048 775 1114 Ritnnm
799 1046 1050 1132 conpressione.

511 1184 541 1246 1.
575 1177 742 1246 Bcltuaca.
766 1183 794 1244 et
816 1177 951 1244 Feltrcn.

179 1309 394 1364 Resolnrrones
414 1309 584 1364 dubiorum
604 1313 688 1363 ctrcrr
708 1313 973 1366 consecracionem
993 1309 1107 1364 altaria
1123 1307 1296 1378 portatilis.

223 1421 319 1486 limus
341 1421 429 1486 Dans
453 1419 597 1487 Salvator
622 1419 785 1504 Bologuesi
809 1419 977 1504 Episcopus
998 1417 1358 1486 31111111111111111.

114 1523 226 1589 Sacrae
251 1525 376 1590 liituum
390 1523 628 1609 congregation.
652 1525 728 1591 baec
743 1544 822 1610 quae
844 1527 1014 1610 sequuntur
1035 1522 1195 1590 humiliter
1210 1522 1360 1605 exposuit.

223 1628 402 1694 Pontifioale
426 1630 596 1695 Romanum
620 1628 657 1695 de
682 1629 802 1696 Altaris
825 1629 980 1712 portatilis
1003 1628 1231 1695 consecratione
1253 1645 1358 1709 agens,

117 1749 268 1815 nusquam
291 1731 329 1797 de
350 1732 502 1797 coementi
521 1732 731 1799 benedictione
755 1733 793 1798 ad
816 1733 1000 1798 firmandum
1023 1733 1110 1816 parvi
1124 1731 1258 1816 sepulcri
1271 1749 1359 1814 oper·

116 1835 220 1899 culum
246 1837 337 1901 verba
361 1836 456 1913 lacit;
485 1839 517 1903 et
546 1837 737 1902 solummodo
767 1837 918 1921 praecipit
940 1839 974 1902 ut
1002 1837 1184 1921 Episcopus,
1209 1837 1304 1902 saeris
1327 1835 1360 1899 11

115 1939 224 2004 eodem
251 1941 391 2024 sepulcro
420 1940 569 2025 Reliquiis
597 1941 756 2024 repositis,
786 1941 866 2006 illud
895 1941 1032 2008 claudat.
1086 1941 1168 2007 Hinc
1191 1938 1360 2023 Episcopus

115 2041 228 2109 Orator
252 2045 309 2110 bac
332 2044 363 2108 in
386 2063 420 2108 rc
442 2045 612 2128 obsequens
629 2047 678 2123 iis,
700 2065 778 2128 quae
794 2045 893 2110 tradit
908 2046 945 2112 el.
966 2045 1152 2111 Martinucci
1171 2045 1203 2110 iu
1221 2042 1359 2112 Mannali

113 2166 273 2213 sacrarum
290 2149 560 2228 caeremoniarum,
577 2149 761 2233 quamplura
778 2149 900 2216 Altaria
914 2148 1073 2234 portatilia
1089 2169 1143 2234 pro
1159 2152 1291 2232 utraque
1303 2163 1360 2212 sua

118 2251 255 2318 Dioecesi
272 2271 461 2333 consecrans,
487 2272 583 2338 neque
600 2256 793 2321 coementum
811 2254 975 2332 benedixit,
999 2272 1054 2320 see
1072 2253 1213 2337 sepulcra
1227 2253 1359 2335 ipsemet

113 2355 237 2438 lapideo
261 2357 375 2422 clausit
396 2356 556 2440 operculo;
586 2358 618 2423 id
649 2359 784 2424 muueris
814 2358 1036 2425 adsistentibus
1064 2357 1282 2424 Sacerdotibus
1312 2375 1359 2420 re·

116 2460 273 2544 linquens,
305 2461 358 2545 qui
390 2461 517 2528 tortasse
551 2481 632 2546 aqua
663 2482 721 2529 nou
751 2462 911 2529 benedicta
933 2463 966 2527 11
988 2463 1148 2528 coemento
1170 2460 1358 2528 conficiendo

113 2583 204 2647 saepe
229 2565 276 2630 usi
299 2567 387 2631 suut:
412 2565 449 2631 dc
472 2567 637 2650 episcopali
661 2585 731 2634 voro
752 2568 858 2650 sigillo
878 2585 969 2650 super
991 2566 1132 2650 sepulcra
1154 2564 1359 2647 imprimendo

114 2686 152 2734 ne
175 2668 300 2752 quidem
321 2669 491 2753 cogitavit:
515 2672 548 2735 et
569 2671 600 2736 in
625 2671 837 2736 Pastoralibus
860 2669 1090 2736 visitationibus
1111 2669 1138 2734 si
1165 2669 1287 2754 quaudo
1313 2669 1359 2736 la·

115 2772 217 2854 pidem
242 2772 374 2857 sepulcri
397 2775 510 2858 reperit
534 2774 635 2840 minus
657 2774 788 2840 tirmiter
802 2777 962 2855 coemeuto
979 2793 1158 2854 connexum,
1179 2773 1257 2840 illud
1282 2793 1358 2840 nono

113 2877 220 2944 addito
244 2879 412 2958 coemento,
436 2897 455 2943 a
479 2878 625 2957 Perocbo,
649 2878 696 2944 vel
719 2878 780 2945 alio
803 2877 969 2946 Sacerdote
992 2877 1109 2944 firmari
1132 2878 1233 2944 iussit.
1282 2879 1356 2943 Per-

113 2981 202 3047 lectis
234 2980 345 3048 deinde
372 2982 593 3048 recentioribus
624 2981 735 3050 Sacrae
763 2983 891 3050 Rituum
921 2982 1179 3069 congregationis
1208 2981 1358 3060 Decretis,

113 3085 296 3168 praesertim
330 3085 363 3151 11
396 3084 597 3153 Ρ1111111111.
630 3087 691 3152 diei
725 3089 777 3154 23.
811 3087 893 3153 Iunii
929 3087 1031 3165 1879,
1069 3088 1101 3153 11
1137 3087 1260 3161 bucano
1294 3085 1356 3154 dict

111 3190 141 3256 3.
160 3189 356 3274 Septembris
380 3190 474 3270 1879,
499 3191 530 3256 11
554 3191 708 3259 Vivarien.
732 3191 866 3258 111128.
892 3193 979 3258 Febr.
1005 3191 1100 3271 1880,
1128 3190 1159 3258 8.
1182 3191 1306 3258 loannis
1326 3191 1358 3256 in

115 3294 260 3361 11111111
282 3293 344 3359 diei
370 3295 418 3361 15.
443 3294 622 3362 Decembris
648 3295 745 3375 1882,
776 3297 809 3361 11
830 3297 862 3361 11
883 3297 1091 3362 Raveumten.
1115 3295 1177 3362 diei
1206 3294 1357 3362 18111ἰί

119 3398 210 3478 1883,
234 3398 363 3464 dubium
386 3399 540 3465 extortum
563 3401 620 3478 est,
644 3402 749 3465 utrum
772 3401 855 3466 recte
874 3419 953 3484 quae
971 3401 1113 3484 exposuit
1126 3402 1217 3485 gesta
1232 3398 1356 3466 luerint.

119 3501 196 3568 Hinc
219 3502 301 3568 idem
324 3503 419 3568 limus
442 3503 608 3587 Episcopus
630 3504 825 3587 insequentia
855 3504 948 3570 dubia
973 3523 1026 3588 pro
1056 3507 1227 3588 opportuna
1256 3502 1358 3569 decla·

118 3607 235 3673 ratione
258 3607 357 3674 eidem
377 3606 489 3674 Sacrae
512 3607 753 3692 congregationi
776 3607 937 3675 enodanda
956 3609 1124 3693 proposuit,
1148 3607 1313 3673 nimirum:

220 3711 300 3778 Dub.
326 3711 350 3777 l.
384 3717 434 3778 11
465 3712 497 3776 11
528 3715 683 3795 posterum
715 3716 906 3779 coementum
935 3732 989 3796 pro
1016 3712 1166 3780 firmando
1196 3711 1359 3778 11111111

118 3815 255 3893 portatili
278 3816 408 3900 sepulcri
431 3814 550 3899 lapide,
582 3815 822 3884 benedicendum
845 3817 889 3883 sit
910 3817 973 3884 ritu
996 3835 1050 3901 pro
1071 3816 1189 3884 1111111
1210 3817 1263 3883 uxi
1287 3836 1358 3883 cou-

119 3920 289 3986 secratioue
311 3921 524 4004 praescripto?
992 3999 996 4006 .
1104 4003 1108 4010 Ι

220 4023 301 4090 Dub.
324 4023 366 4092 ΙΙ.
403 4026 449 4089 An
470 4023 537 4109 ipse
560 4023 726 4110 Episcopus
748 4024 832 4091 idem
855 4025 1028 4111 sepulcrum
1044 4029 1201 4094 coemento
1218 4023 1308 4091 linire
1325 4026 1358 4090 et

119 4122 219 4209 lapide
241 4127 383 4195 claudere
405 4128 540 4195 debeat?
1220 4177 1224 4184 .

222 4231 301 4298 Dub.
323 4233 383 4298 Ill.
419 4233 468 4298 11
487 4233 667 4318 Episcopale
689 4233 829 4320 sigillum
852 4253 942 4320 super
965 4253 1094 4319 parrum
1109 4234 1282 4318 sepulerum
1300 4233 1357 4300 11-

121 4331 195 4397 taris
215 4335 388 4403 addendum
411 4337 477 4402 sit?

221 4439 307 4520 Haec
328 4459 415 4525 porro
438 4441 542 4522 dubia,
566 4461 657 4526 super
679 4440 787 4528 quibes
811 4443 891 4509 alter
913 4461 949 4510 ex
972 4443 1222 4528 Apostolicorum
1246 4442 1358 4511 (laero-

123 4540 294 4610 mouiarum'
313 4543 474 4631 Magistris
496 4564 587 4613 suum
610 4550 717 4614 votum
740 4548 823 4634 typis
845 4567 952 4614 cusum
975 4547 1124 4634 protulit,
1147 4568 1243 4636 quum
1267 4569 1286 4616 a
1307 4568 1358 4616 me
