3228 4908
253 175 316 240 136
376 192 486 264 conpr.
506 191 582 262 Epp.
600 196 629 246 ct
649 190 720 263 ch.
739 193 825 246 circa
843 187 1131 275 coufesscmonialq·
1150 187 1259 258 conpr.
1277 203 1301 242 s.
1320 183 1378 254 On.

252 369 347 449 firma
368 365 412 431 sit
433 365 536 448 quoad
556 363 726 442 absolutos,
759 361 906 446 obligatio
926 363 1036 428 standi
1060 363 1222 428 murtetis
1252 361 1434 438 suasae,
1465 362 1499 424 si

251 470 479 542 convaluerint,
510 468 595 532 nulla
625 467 708 532 lacta
739 467 892 532 mentione
922 465 960 530 ds
993 486 1089 549 poena
1112 465 1349 544 reincideutiae,
1382 467 1409 530 ei
1443 467 1499 530 isti
1591 488 1597 526 ·;

250 574 432 658 obligationi
453 592 510 637 non
534 571 676 646 satisfiat,
701 590 755 636 neo
778 571 842 636 ulla
864 571 938 635 data
961 569 1162 654 explicatione
1185 570 1267 635 circe
1290 589 1415 636 sensum
1443 591 1498 635 vo·
1596 587 1597 590 ’

251 698 319 742 cum
336 676 445 742 smodi
459 677 620 742 rrroudatis
637 675 806 741 Ecclesiae.
833 675 874 739 Er
892 674 1014 739 decreto
1032 693 1151 756 quoque
1167 673 1198 740 S.
1216 673 1318 740 Ollicii
1334 675 1399 758 (30.
1412 675 1499 757 junii

253 781 336 848 1886
360 781 413 847 clr.
437 781 556 847 Arcbio
576 778 670 845 LVlI.
695 778 772 860 381)
801 781 836 844 ia
869 779 992 844 casibus
1027 779 1261 861 urgentioribus
1293 779 1367 844 dari
1392 785 1502 862 potest

251 885 403 952 absolutio
425 907 446 950 a
469 885 609 950 censuris
628 885 722 949 etium
744 883 873 965 speciali
895 884 984 950 modo
1007 886 1175 949 reservatis
1199 883 1231 950 S.
1256 882 1410 964 Pontifici,
1439 885 1499 945 sub

249 989 435 1074 quibusdam
469 989 574 1053 tamen
609 987 854 1064 conditionibus;
888 987 941 1052 sed
978 989 1009 1051 in
1042 987 1243 1070 praelaudato
1276 987 1399 1052 decreto
1437 1007 1498 1052 nou

251 1094 370 1160 dictum
402 1093 462 1158 luit
485 1111 525 1156 an
547 1091 609 1158 ista
632 1091 785 1157 absolutio
806 1094 847 1157 sit
870 1091 989 1156 directa
1016 1092 1063 1157 vel
1086 1091 1245 1156 indirecte.
1292 1090 1365 1155 lude
1390 1091 1500 1174 plures

251 1199 373 1262 exortae
398 1198 470 1261 sient
494 1195 704 1263 difficultates.
751 1195 831 1260 Hinc
854 1198 957 1260 orator
979 1197 1121 1278 quaeritr

357 1301 379 1366 l.
406 1303 452 1364 Aa
476 1299 625 1382 obligatio
646 1296 748 1363 standi
771 1297 926 1362 mendaciis
950 1298 1116 1376 Ecclesiae,
1142 1318 1160 1362 a
1185 1298 1274 1362 Eulla
1294 1297 1503 1380 Apostotiecre

251 1405 343 1474 Sedis
365 1403 511 1486 imposita
533 1403 574 1468 sit
594 1403 650 1468 sub
675 1421 770 1486 poena
793 1401 1012 1468 reincidentiae
1036 1402 1083 1467 vel
1107 1405 1192 1468 uon?

357 1507 398 1572 ll.
430 1509 479 1571 Au
509 1507 659 1591 obligatio
687 1506 791 1573 standi
822 1507 977 1572 mandatis
1010 1507 1182 1585 Ecclesiae,
1213 1508 1244 1572 iu
1267 1525 1356 1570 sensu
1387 1504 1504 1570 Bullae

260 1611 579 1693 apostolicaesedis,
602 1611 684 1676 idem
708 1613 797 1677 sonat
819 1630 854 1676 ao
874 1611 1025 1696 obligatio
1048 1632 1081 1677 se
1104 1609 1234 1678 sistendi
1251 1629 1353 1677 corum
1369 1609 1401 1677 S.
1418 1609 1504 1674 Pon·

253 1715 352 1793 tibae,
377 1715 424 1781 vel
448 1734 486 1780 eu
510 1715 548 1780 ab
571 1714 627 1779 illa
649 1714 759 1781 debeat
780 1715 955 1801 distingui?
1163 1793 1166 1800 .

359 1818 414 1884 ΙΙΙ.
448 1822 496 1884 Au
528 1819 682 1885 absolutio
712 1821 785 1885 duta
813 1820 844 1884 in
875 1819 997 1885 casibus
1028 1817 1277 1902 urgentioribus,
1309 1838 1327 1883 a
1360 1819 1506 1882 censuris

256 1925 351 1989 etiam
375 1923 500 2006 speciali
525 1924 613 1988 modo
632 1921 662 1991 S.
688 1923 832 1989 Pontifici
854 1921 1029 2002 reservatis,
1053 1923 1085 1987 in
1109 1942 1199 1989 sensu
1217 1923 1332 1988 decreti
1347 1921 1377 1986 S.
1395 1920 1503 1986 Officii

257 2028 322 2112 (30.
344 2025 423 2110 junii
447 2026 543 2110 1886)
566 2025 609 2091 sit
628 2027 755 2106 directe,
780 2026 827 2092 rel
851 2029 973 2092 tautum
996 2025 1173 2091 indirecta?

515 2130 604 2196 Earia
626 2131 681 2208 IV,
707 2129 757 2196 19.
782 2131 917 2214 Augusti
942 2131 1036 2196 1891.
1598 2197 1599 2206 χ

358 2233 395 2300 Iu
425 2236 662 2320 congregatione
691 2235 828 2318 generali
860 2233 889 2300 S.
923 2235 1078 2300 Romanae
1107 2239 1139 2300 et
1169 2233 1360 2300 Universelis
1391 2233 1502 2314 lnqui—
1598 2217 1599 2226 ’

254 2338 393 2413 sitionis,
418 2338 525 2404 audita
547 2338 695 2404 relatione
718 2337 918 2422 suprascripti
942 2339 1088 2422 supplicis
1112 2338 1225 2414 libelli,
1255 2337 1503 2421 praebabitoqns
1598 2349 1599 2374 ¹

256 2443 402 2508 limorum
426 2441 641 2508 Consultorum
666 2444 751 2520 voto,
786 2443 853 2507 Emi
884 2443 945 2508 Dni
977 2443 1156 2508 cardinales
1186 2443 1218 2506 in
1251 2443 1340 2506 rebus
1371 2441 1442 2505 fidei
1467 2444 1502 2505 et

256 2565 375 2612 morum
399 2543 563 2611 Generales
586 2545 788 2631 inquisitores
811 2547 1053 2630 respondendum
1077 2547 1280 2612 mandarunt:

361 2649 408 2715 Ad
432 2649 463 2715 l:
487 2651 690 2732 Affirmutioe
711 2651 755 2717 ad
773 2653 927 2733 ommam,
951 2653 1090 2734 negative
1113 2651 1156 2716 ad
1175 2651 1344 2717 secundam
1361 2655 1502 2731 partera.

360 2754 408 2819 Ad
431 2753 480 2818 11:
505 2753 730 2838 Obligationem
752 2755 855 2820 standi
879 2755 1034 2820 mandatis
1052 2755 1206 2820 Ecclesiae
1222 2755 1392 2835 importare
1408 2773 1503 2826 onam,

256 2859 321 2925 siae
347 2878 407 2939 per
439 2879 493 2935 se,
526 2861 591 2925 sive
620 2880 681 2940 per
713 2861 937 2942 corrsessariam
970 2860 1157 2925 recurrendi
1188 2859 1231 2924 ad
1253 2858 1285 2924 S.
1310 2857 1501 2939 Pontificem,

257 2963 380 3046 musque
401 2962 562 3027 mandatis
584 2962 760 3038 obediendi,
790 2964 837 3028 oet
858 2984 971 3036 rrooam
989 2963 1214 3029 absolutionem
1231 2962 1357 3045 petendi
1379 2960 1419 3025 ab
1439 2960 1500 3024 ba-

256 3066 343 3131 beate
371 3065 553 3146 facultatem
581 3065 759 3132 absoluendi
788 3089 809 3132 a
841 3068 981 3133 caesuris
1009 3066 1041 3132 S.
1072 3067 1218 3150 Poutifici
1246 3065 1378 3149 speciali
1407 3064 1501 3130 nudo

258 3168 436 3235 reservatis.

360 3273 408 3337 Ad
433 3272 500 3338 111:
523 3273 723 3356 Affirmatioe
738 3275 781 3340 ad
796 3277 944 3356 primam.
968 3277 1107 3358 uepatioc
1124 3275 1168 3340 aci
1182 3275 1352 3340 secundom
1365 3279 1500 3353 portem.

359 3376 504 3460 Sequenti
521 3395 591 3442 nero
607 3377 684 3443 teria
702 3378 737 3456 V,
760 3377 874 3444 SSmus
889 3378 925 3445 D.
939 3379 979 3444 N.
993 3379 1052 3444 Leo
1065 3379 1170 3446 divina
1184 3378 1305 3443 Provid.
1319 3377 1381 3442 ΡΡ.
1395 3374 1502 3468 xla„

257 3481 287 3544 in
312 3481 472 3546 audientia
496 3482 531 3546 E.
557 3482 590 3545 P.
616 3482 652 3548 D.
677 3481 837 3549 Adsessori
862 3481 891 3547 S.
914 3483 949 3548 0.
975 3483 1142 3565 impertita,
1168 3483 1296 3549 relatam
1321 3481 1386 3546 Sibi
1405 3481 1498 3544 Emo-

258 3603 326 3649 rum
350 3586 477 3650 Petrum
502 3584 717 3651 resolutionem
741 3586 873 3670 benigne
896 3587 1064 3670 adprobare
1087 3587 1237 3672 dignatus
1260 3589 1316 3652 est.

805 3689 836 3758 J.
861 3691 1021 3768 Mancini,
1044 3691 1074 3758 S.
1100 3692 1135 3756 R.
1156 3693 1188 3756 et
1210 3691 1246 3758 U.
1270 3691 1295 3756 1.
1320 3689 1392 3756 Not.

855 3845 898 3910 11.

516 3984 699 4050 Beatissimo
724 3985 826 4064 Pater,

358 4105 525 4190 Episcopus
550 4105 603 4172 N.
621 4158 627 4173 .
645 4156 670 4185 .,
694 4105 732 4171 ad
750 4107 841 4190 pedes
857 4107 1042 4172 Sanctitatis
1060 4106 1186 4172 Vestrae
1202 4106 1390 4191 provolutus,
1415 4124 1492 4188 quae

254 4211 425 4295 sequuntur
448 4209 590 4293 exponit:

259 4313 267 4324 '
359 4315 431 4379 Nou
454 4333 542 4380 nemo
564 4314 668 4380 tenet:

359 4419 394 4482 1⁰
415 4417 642 4502 obligationem
665 4415 767 4483 standi
788 4417 944 4482 mandatis
967 4417 1137 4494 Ecclesiae,
1162 4417 1200 4482 ds
1224 4434 1286 4500 qua
1307 4417 1340 4480 in
1363 4415 1496 4481 constit.

254 4521 454 4604 Apostolicae
475 4522 581 4602 Sedis,
604 4524 631 4586 si
650 4521 862 4587 convaluerint
885 4523 1101 4605 aegrotantes,
1132 4540 1191 4585 non
1220 4539 1286 4586 esee
1319 4521 1375 4585 sub
1398 4539 1493 4604 poena
