3228 4908
258 145 320 215 142
374 167 402 223 S.
421 167 532 240 Gonpr.
552 168 643 224 Cone.
661 169 690 224 d.
709 169 734 222 7.
753 168 834 225 dulit
851 167 927 226 1892
944 169 1049 242 quoud
1065 171 1221 226 decretum
1243 167 1390 225 Tametsi.

257 341 374 406 animos
406 339 549 406 intentos·
568 340 676 406 fecerit
707 343 738 407 et
766 341 884 408 maiora
913 341 1054 407 videatur
1077 341 1233 407 Ecclesiae
1257 341 1311 405 Dei
1336 342 1368 404 in
1394 343 1505 406 lutura
1595 389 1596 392 ,

255 447 395 528 tempora
426 445 607 529 portendere
640 445 839 513 incrementa.
888 447 1082 530 Quapropter
1112 463 1181 512 cum
1214 447 1346 529 primum
1379 445 1502 510 Summi

258 548 417 616 Pontificio
441 549 652 614 benevolentia
674 569 814 633 praeesse
838 551 999 617 mavoluit
1016 549 1132 616 huicS.
1150 549 1284 616 Consilio
1301 549 1502 615 Christianae

257 652 343 718 Eidei
360 653 582 737 Propagandae
597 671 632 717 eo
648 655 796 738 spectavi,
821 657 856 720 ut
872 655 1063 738 potissimam
1081 672 1186 718 curam
1203 673 1240 719 ac
1254 653 1501 720 sollicitudinem

256 758 288 821 in
311 758 402 822 istam
418 757 663 822 iuvenescentem
681 759 836 825 Ecclesiae
852 757 986 824 sobolem
1004 760 1222 836 converterem,
1242 777 1311 840 quo,
1328 757 1500 841 plurimum

256 861 335 944 quod
359 861 414 927 dat
435 862 499 945 spei
524 861 628 927 lelicss
651 881 751 926 rerum
776 867 904 928 eventus
925 864 1148 928 sustentarent.

360 965 396 1031 ld
419 967 523 1030 autem
547 980 582 1032 eo
602 966 742 1033 alacriori
765 967 867 1033 animo
892 967 967 1032 mihi
991 965 1209 1050 praestandum
1234 965 1384 1048 suscipio,
1415 967 1500 1049 quod

256 1070 325 1136 novi
347 1087 440 1154 quam
463 1070 635 1136 vehementi
659 1070 762 1136 studio
784 1071 816 1135 in
840 1071 921 1136 idem
947 1071 1085 1135 ferantur
1109 1070 1246 1134 illustres
1264 1069 1354 1135 istius
1370 1069 1501 1134 ditionis

258 1173 438 1250 antistites,
470 1176 503 1238 et
529 1193 599 1258 qam
623 1175 728 1240 solerti
752 1193 844 1259 opera
865 1175 963 1240 iidem
982 1174 1164 1239 adlaborent
1187 1173 1357 1238 catholicae
1381 1174 1411 1238 in
1433 1174 1501 1238 suis

258 1277 433 1363 regionibus
456 1276 527 1342 fidei
549 1281 581 1342 et
604 1279 735 1344 tuendae
759 1289 790 1342 et
814 1278 1058 1362 amplificandas.
1087 1278 1172 1343 Haec
1188 1283 1291 1342 eutem
1308 1278 1500 1352 sollicitudo,

256 1401 349 1465 quam
372 1399 564 1446 communem
588 1401 658 1447 cum
681 1383 750 1448 istis
774 1383 930 1466 Episcopis
954 1382 1068 1460 haheo,
1099 1381 1272 1465 expostulat
1303 1383 1338 1445 ut
1368 1382 1498 1464 vigilem

255 1505 360 1550 eorum
384 1486 518 1550 mentem
542 1504 679 1551 revocem
702 1487 740 1550 ad
765 1486 927 1570 quemdam
952 1486 1044 1550 isthic
1067 1485 1305 1552 invalescentem
1322 1485 1353 1548 in
1373 1485 1499 1568 Episco-

256 1608 363 1672 porum
393 1589 542 1654 electione
573 1608 707 1670 morem,
741 1590 790 1655 cni
825 1591 1003 1674 opportunis
1037 1589 1181 1655 remediis
1216 1591 1337 1654 mature
1368 1593 1415 1653 est
1446 1609 1499 1654 oc-

256 1693 434 1762 curandum.

359 1796 517 1880 Quaenam
540 1798 583 1864 sit
606 1798 789 1882 gravissima
813 1799 870 1863 hac
894 1797 932 1864 de
955 1817 986 1864 re
1009 1797 1203 1881 apostolicae
1226 1795 1315 1863 Sedis
1337 1816 1422 1862 mens
1442 1797 1497 1861 lit·

256 1901 332 1967 teris
354 1901 546 1968 declaratum
570 1904 616 1968 est
639 1901 722 1968 datis
745 1902 795 1967 die
817 1902 1015 1986 teuperioris
1033 1901 1146 1966 mensis
1163 1901 1242 1968 lolii
1260 1919 1279 1965 a
1296 1901 1385 1968 Card.
1404 1902 1499 1965 llam-

257 2005 349 2089 polla,
371 2003 490 2071 Summi
516 2005 673 2071 Pontificis
696 2007 827 2081 nomine,
852 2005 891 2070 ad
915 2006 1201 2071 Eminentissimum
1224 2005 1498 2089 archiepiscopum

259 2108 522 2176 Baltimorensem.
565 2108 643 2176 Cum
667 2109 750 2175 enim
772 2113 847 2175 tunc
868 2111 1017 2193 temporis
1045 2111 1153 2174 inanes
1175 2129 1314 2175 rumores
1337 2109 1442 2192 spargi
1469 2111 1498 2173 in

256 2213 368 2298 vulgus
400 2215 551 2298 cepissent
580 2213 617 2278 de
648 2213 828 2280 Catholicae
859 2214 1058 2280 Hierarchiae
1086 2214 1117 2279 in
1146 2213 1287 2280 Statihus
1321 2213 1498 2278 Eosderatis

257 2319 375 2385 ratione
397 2320 444 2383 ita
466 2317 668 2396 immutanda,
693 2319 728 2383 ut
750 2317 1001 2401 immigrantihus
1025 2318 1128 2382 isthuc
1152 2317 1321 2384 Catholicis
1344 2336 1379 2382 ex
1404 2317 1499 2382 variis

258 2421 395 2506 Europae
417 2422 593 2488 nationibus
616 2421 776 2506 populares
809 2422 947 2505 Episcopi
978 2421 1103 2506 practici
1133 2421 1301 2500 deberent,
1331 2421 1498 2504 sapientia·

255 2526 351 2592 simus
379 2526 520 2592 Pontifex
553 2527 624 2591 huic
653 2525 738 2591 inani
767 2526 902 2608 opinioni
932 2545 1011 2610 quae
1041 2527 1241 2608 plurimorum
1270 2526 1386 2590 animos
1411 2543 1496 2589 com-

255 2631 394 2696 moverat
415 2629 592 2710 abolendae,
615 2629 825 2714 significatum
850 2629 947 2696 voluit
969 2631 1124 2714 vigentem
1152 2631 1246 2695 isthic
1269 2630 1299 2693 in
1322 2628 1497 2712 deligendis

255 2733 413 2818 Episcopis
440 2733 635 2818 disciplinam
666 2733 821 2818 integram
853 2733 1092 2817 inviolatemque
1125 2734 1187 2799 lore
1217 2733 1408 2798 servandam.
1463 2733 1496 2796 ld

255 2839 359 2904 autem
382 2837 464 2903 tanti
487 2839 635 2903 momenti
656 2837 778 2904 ducitur
806 2839 842 2903 ut
871 2838 1041 2922 irrepentes
1064 2837 1216 2921 quaedam
1246 2837 1277 2902 in
1306 2836 1495 2902 contrarium

254 2939 502 3020 consuetudines,
523 2941 608 3006 nulla
630 2940 762 3008 debeant
785 2941 952 3008 tolerantia
974 2941 1080 3009 lovari.

360 3043 501 3110 Profecto
525 3061 584 3110 non
606 3044 729 3129 ignorat
754 3045 933 3130 Amplitudo
956 3045 1034 3123 Eua,
1058 3045 1215 3111 occasione
1239 3045 1416 3110 vacantium
1439 3043 1496 3109 Se·

255 3147 340 3213 dium
371 3147 609 3232 episcopalium,
643 3149 742 3216 varios
770 3149 866 3216 isthic
895 3149 1021 3215 excitari
1050 3149 1157 3215 solitos
1187 3149 1269 3232 apud
1297 3133 1412 3212 clerum
1442 3166 1497 3230 po·

255 3251 422 3336 palamque
444 3251 631 3323 catholicum
653 3256 763 3332 motus,
785 3273 861 3337 quos
880 3253 1037 3338 graviores
1055 3253 1281 3336 crebrioresque
1297 3253 1411 3318 sensim
1429 3250 1495 3316 heri

254 3355 442 3440 experientia
464 3355 562 3424 docet
606 3356 645 3424 Et
676 3375 750 3423 vane
779 3375 858 3440 quas
886 3376 967 3422 nunc
995 3357 1027 3422 iu
1048 3357 1104 3422 tali
1127 3375 1221 3422 causa
1241 3357 1362 3421 evenire
1385 3355 1495 3432 solent

256 3478 293 3525 ea
315 3479 370 3527 uec
390 3459 470 3525 levia
490 3464 572 3538 sunt,
595 3479 651 3526 nec
669 3461 808 3538 obscura,
830 3479 885 3528 uec
906 3460 1058 3526 eiusmodi
1078 3479 1158 3546 quae
1182 3460 1221 3525 ab
1245 3461 1302 3525 hac
1321 3458 1354 3526 S.
1370 3458 1496 3542 Congne

254 3563 379 3630 silentio
402 3577 524 3648 prorsus
544 3563 704 3647 praeteriri
727 3565 853 3648 possint.
883 3565 918 3630 Iu
943 3564 1144 3649 proponendis
1168 3564 1250 3628 enim
1269 3564 1307 3628 ad
1324 3563 1496 3647 episcopale

255 3686 366 3732 munus
388 3667 562 3733 candidatis
584 3668 699 3734 clerum
721 3688 757 3735 ac
779 3669 935 3752 populum,
957 3671 1078 3752 praeter
1094 3669 1200 3734 statua
1215 3667 1293 3746 iura,
1312 3667 1495 3732 commoveri

255 3772 370 3853 passim
394 3771 616 3856 conspicimus3
639 3791 694 3855 per
714 3773 852 3857 publicas
873 3772 1084 3855 ephemerides
1100 3772 1310 3836 contentiones
1328 3771 1495 3854 vulgantur

255 3878 287 3940 et
309 3873 529 3954 exardescunt,
554 3876 675 3959 publice
697 3894 733 3941 ac
756 3877 900 3959 privatim
924 3895 961 3940 ea
983 3877 1021 3939 de
1043 3894 1075 3940 re
1097 3874 1224 3940 comitia
1247 3876 1418 3952 habentur,
1442 3874 1495 3936 ubi

256 3979 393 4064 proprios
415 3997 553 4064 quaeque
582 3977 676 4045 lectio
705 3980 883 4046 condidatos
912 3979 1045 4058 extollit,
1078 3978 1193 4044 alienos
1222 3977 1412 4043 criminando
1443 3976 1492 4041 de

254 4082 372 4167 primit.

358 4187 445 4268 Quod
467 4204 537 4252 vero
559 4186 734 4252 huiusmodi
756 4189 965 4253 contentiones
989 4189 1071 4252 alere
1094 4186 1225 4253 maxime
1244 4188 1334 4264 solet,
1358 4185 1493 4251 studium

254 4293 304 4355 est
325 4290 356 4355 in
379 4310 563 4376 unaquaque
592 4290 724 4356 factione
749 4292 910 4356 vehemens
943 4292 1124 4374 Episcopum
1159 4291 1291 4356 habendi
1323 4309 1339 4354 e
1369 4307 1492 4356 suorum

254 4394 447 4477 popularium
472 4414 616 4473 numero,
645 4395 733 4479 quasi
757 4396 885 4478 privatis
907 4396 1076 4461 commodis
1099 4415 1157 4459 uon
1182 4395 1313 4459 utilitati
1341 4393 1493 4459 Ecclesiae

254 4515 308 4581 per
326 4497 427 4560 idonei
453 4498 589 4561 Pastoris
611 4499 790 4563 electionem
814 4502 896 4564 esset
919 4498 1175 4580 prospiciendum.
1215 4499 1306 4562 Porro
1322 4517 1391 4562 cunr
1409 4497 1488 4560 hanc
