3228 4908
164 166 192 221 S.
214 167 325 236 Currpr.
344 165 434 222 Cone.
453 169 482 222 11.
501 167 547 223 22.
566 167 636 226 Dec.
655 167 727 224 1891
747 171 784 224 cie
804 169 897 236 clelep.
917 169 1018 222 assint.
1036 170 1071 222 ira
1088 170 1182 222 matr.
1199 170 1296 222 coutr.
1339 146 1401 212 139

271 341 307 404 3⁰
330 340 441 406 Utrum
465 340 522 407 snb
543 341 649 407 eodem
669 341 831 425 praecepto
854 340 1037 413 obedientia,
1061 342 1093 404 et
1113 338 1222 404 iisdem
1240 338 1403 404 intentatis

163 443 317 518 censuris,
350 445 448 526 possit
475 445 644 528 Episcopus
672 445 845 510 sacerdotes
875 444 1002 519 otiosos,
1034 443 1080 507 uel
1110 444 1206 509 ferme
1236 443 1349 510 otiosos
1371 445 1403 509 et

166 547 302 612 sanitate
326 549 482 625 suffultos,
513 549 694 632 compellere
722 549 760 614 ad
791 548 1016 632 suscipiendam
1048 547 1256 613 Ecclesiamm
1286 566 1400 626 curam,

166 650 276 714 saltem
300 651 394 717 donea
417 651 480 717 illis
505 653 550 718 las
573 655 616 719 sit
639 637 795 736 providere
820 654 1000 718 Pastorem?

265 756 301 818 4⁰
338 755 436 835 Num,
468 759 589 840 praeter
612 775 723 842 poenas
747 776 764 820 a
788 757 857 840 jure
880 759 1035 832 statutas,
1060 756 1097 821 ud
1121 755 1319 839 corrigendas
1345 755 1402 820 Pa·

162 861 269 925 rochos
291 861 348 944 qui
370 861 459 927 otiosi
484 864 516 928 et
537 863 677 929 socordes
702 862 866 946 negligunt
882 861 1002 945 propria
1017 860 1119 927 ollioia
1134 863 1165 926 et
1181 859 1402 926 admonitiones

164 970 196 1028 11
218 965 316 1028 minus
340 965 457 1032 minimi
482 967 610 1038 iaciunt.
632 967 690 1032 hae
712 965 885 1030 miserrima
900 967 1012 1042 aetatu,
1037 965 1219 1030 conveniens
1235 964 1277 1028 sit
1292 963 1402 1028 interne

162 1088 324 1144 censuras,
356 1073 387 1134 et
417 1071 579 1154 speciatim
607 1070 834 1154 suspensionem
860 1089 878 1134 n
903 1069 997 1134 missa
1019 1067 1126 1134 diebus
1147 1067 1322 1142 ferialibus,
1354 1067 1402 1132 rel

162 1174 257 1238 etiam
282 1176 369 1240 extra
389 1174 591 1242 Paroeoiam?
636 1213 639 1220 ⁴

267 1278 315 1342 Ad
339 1280 591 1363 compescendam
615 1279 784 1356 licentiam,
808 1297 885 1361 qnae
908 1277 938 1341 in
964 1277 1052 1342 Clero
1074 1295 1193 1360 quoque
1217 1276 1326 1341 furtim
1349 1275 1401 1340 sed

160 1381 190 1444 in
215 1381 281 1446 dies
304 1383 401 1464 major
424 1385 536 1466 serpit,
568 1387 661 1467 alqrre
687 1383 725 1447 ad
752 1381 972 1466 providendum
998 1380 1094 1445 cultui
1118 1380 1275 1465 roligionis
1299 1382 1331 1444 et
1353 1398 1403 1443 sa-

165 1485 223 1548 luii
248 1487 418 1550 animarum
444 1487 473 1551 iu
498 1487 555 1552 bac
572 1489 744 1570 plusquam
765 1487 799 1551 111
814 1488 973 1568 proaimis
997 1485 1199 1552 Dioeoesr'bus
1217 1483 1404 1551 Pastoribus

168 1589 373 1672 deficientum,
395 1591 562 1677 Episcopus
579 1593 754 1657 Parmensis
771 1591 867 1656 enixis
883 1591 1023 1674 precibus
1039 1592 1116 1668 orat,
1134 1592 1169 1654 ut
1184 1592 1215 1655 et
1226 1589 1404 1670 pharmaca

160 1698 192 1758 et
207 1693 321 1758 auxilia
338 1695 450 1760 saltem
469 1697 660 1780 temporalia,
679 1697 716 1761 acl
735 1696 852 1778 aliquot
871 1715 975 1772 annos,
992 1694 1038 1759 illi
1056 1693 1402 1779 providedesigueutur.

270 1800 409 1881 Parmae,
434 1821 469 1866 11
492 1802 660 1886 Episcopo,
683 1802 732 1867 die
757 1803 813 1867 11⁸
828 1800 964 1886 januarii
988 1801 1080 1864 1886.
1356 1797 1359 1802 “

880 1905 911 1972 J.
934 1904 1093 1982 Andreas,
1118 1904 1296 1987 Episcopus.

424 2007 480 2073 Die
505 2009 544 2074 17
565 2009 699 2094 januarii
724 2010 816 2076 1886.

266 2111 312 2176 Ad
340 2111 373 2176 l:
400 2113 499 2179 Rout
521 2115 696 2196 exponitur,
719 2117 867 2199 nepetino.

266 2215 313 2278 Ad
341 2215 391 2282 ll:
420 2219 638 2300 1111111111,
661 2221 778 2302 quoties
800 2241 838 2285 11
861 2219 968 2301 Officii
989 2217 1171 2282 dimissione
1189 2237 1284 2298 prave
1306 2215 1404 2281 delri-

163 2325 299 2384 meulum
322 2341 417 2386 curae
439 2322 619 2389 animarum
642 2325 683 2390 sit
705 2325 911 2391 obventurum.
958 2321 1019 2386 Est
1040 2329 1145 2387 1111111
1167 2320 1318 2401 Episcopi
1341 2319 1403 2385 sol·

163 2423 248 2487 licite
267 2425 431 2504 procidere
451 2427 489 2492 11
512 2428 620 2494 idoneo
642 2449 830 2505 successore,
858 2429 1045 2510 praesertim
1068 2446 1136 2492 cum
1158 2425 1343 2491 rationabili
1365 2424 1403 2489 11

161 2547 258 2593 eausa
282 2529 427 2596 dimissio
449 2533 670 2613 eapostrdatur.

268 2633 315 2696 Arl
341 2633 405 2699 lll:
429 2629 642 2718 1111111111,
663 2639 757 2718 praru
778 2643 904 2720 arpenta
924 2635 1114 2710 necessitate,
1139 2639 1166 2699 11
1188 2633 1231 2698 uri
1252 2637 1381 2712 ternpus.

271 2737 318 2800 Ad
345 2738 410 2802 lV:
435 2738 613 2822 Episcopus
634 2747 741 2807 utatur
756 2742 831 2825 jare
845 2759 909 2812 suo,
930 2745 1026 2821 prout
1047 2743 1074 2804 11
1096 2744 1246 2821 audenus
1267 2735 1404 2816 dejure,

158 2843 327 2922 perpensis
351 2848 454 2908 lamera
474 2850 645 2926 temporum
667 2852 695 2911 11
710 2865 920 2929 personarum
943 2843 1110 2928 adjunctis.

264 2944 314 3010 111
339 2947 489 3030 reperitur
511 2948 543 3013 in
566 2949 715 3033 positione
739 2951 786 3014 oui
802 2949 934 3016 titulus:
959 2949 1102 3014 Parmea.
1126 2947 1301 3030 Episcopus
1317 2945 1404 3010 circa

159 3047 297 3125 Olerum,
320 3050 446 3119 cristan.
472 3051 502 3116 in
526 3052 698 3119 Secretaria
718 3053 747 3120 S.
772 3054 1025 3140 Congregatioais
1050 3051 1177 3120 Consilii
1202 3051 1232 3114 in
1258 3049 1404 3116 fasciculo

162 3152 348 3236 positionum
373 3153 434 3220 dici
461 3155 499 3221 17
519 3157 654 3240 Jauuarii
681 3159 754 3223 anni
778 3159 872 3226 1886.

267 3258 304 3323 Iu
326 3277 457 3341 quorum
481 3259 582 3341 fidem,
606 3264 664 3327 111.

275 3362 391 3428 Datum
417 3365 540 3442 Romae,
566 3386 600 3432 ex
622 3369 789 3435 secretaria
811 3368 959 3452 praefata,
982 3368 1031 3434 die
1054 3369 1074 3433 5
1098 3368 1228 3433 februar.
1255 3366 1348 3432 1886.

835 3473 1002 3550 1111111,
1028 3471 1300 3540 Sub-secretarius.
1430 3457 1434 3465 ’

180 3628 214 3688 2.
248 3621 297 3690 De
321 3625 512 3708 delepatioae
531 3627 672 3710 91111111
693 3629 865 3695 assistendi
887 3630 922 3696 iu
943 3629 1142 3696 matrimonio
1165 3624 1385 3694 coutrolreudo.
1447 3663 1450 3667 ·

770 3768 794 3834 1.

421 3876 603 3943 Beatissimo
627 3879 729 3958 Pater,

265 3988 522 4075 archiepiscopus
545 3993 584 4060 a.
608 3992 769 4059 humiliter
790 3993 928 4076 exponit,
957 3993 1035 4078 qnod
1059 3994 1090 4059 in
1114 4012 1169 4060 sua
1191 3989 1319 4057 dioecesi
1343 4009 1397 4074 pa·

160 4090 246 4156 roobi
270 4090 494 4176 delegationem
518 4095 691 4178 generalem
717 4096 755 4162 ad
779 4097 984 4163 assistendum
1009 4096 1212 4164 matrimoniis
1235 4093 1398 4160 concedere

159 4193 260 4259 solent
283 4197 484 4282 presbyteris,
518 4201 553 4264 11
579 4201 684 4278 aiant,
715 4201 903 4280 1111111111,
936 4201 987 4286 qui
1012 4199 1135 4287 aliquod
1157 4201 1281 4265 tantum
1302 4197 1394 4264 serri-

160 4298 239 4363 tium
262 4299 294 4363 in
318 4301 446 4367 ecclesia
468 4303 623 4382 exhibeat,
646 4303 720 4388 quin
744 4304 880 4371 babeant
902 4306 1145 4372 commissionem
1167 4301 1341 4389 generalem
1357 4301 1396 4366 acl

161 4402 327 4468 1111111111
349 4404 456 4473 munia
478 4405 676 4489 parochialia.
703 4443 747 4456 -
777 4407 853 4474 Cura
885 4411 989 4474 autern
1020 4407 1194 4492 hujusmodi
1225 4406 1327 4491 praxis
1356 4404 1397 4471 ab

160 4505 316 4591 aliquibus
339 4508 553 4594 impugnetur,
589 4511 844 4598 Arobiepisoopus
878 4515 990 4582 Orator
1021 4513 1227 4582 sanctitatem
1251 4512 1393 4579 Vestram
