3228 4908
255 149 317 214 128
444 171 471 226 S.
493 169 604 241 Conpr.
623 171 683 228 aar.
702 175 788 230 circu
807 189 909 246 aquae
928 173 1180 244 benedictionale
1200 173 1310 246 Epipb

356 340 404 407 Ad
426 341 494 410 XV.
535 343 692 410 Secundus
722 345 832 410 modus
865 346 1086 430 purificatIonis
1121 347 1222 431 magis
1254 348 1438 431 expeditus,
1472 352 1505 414 et
1602 381 1603 412 r

252 445 417 513 conformis
440 449 487 512 eat
510 451 595 531 praxi
615 447 793 518 universali.
1602 473 1603 486 ¹

356 550 405 617 Ad
428 549 513 618 XVI.
548 551 627 618 Loco
653 553 771 636 primae
803 554 998 638 antiphonae
1029 558 1194 638 usurpetur
1224 555 1325 621 altera
1355 554 1503 620 immitet
1602 577 1603 628 t

253 655 404 824 aegeln-
425 757 527 825 XVll.
562 759 715 845 Negative
745 762 784 826 ad
815 761 947 845 primam
977 763 1115 845 partem,
1143 761 1340 828 affirmative
1371 763 1412 828 ad
1445 782 1498 827 se·

254 863 404 1032 tuudtffii
426 965 544 1034 XVIII.
577 965 715 1032 Dicenda
737 966 845 1034 Oratio
864 971 956 1052 prout
978 971 1065 1035 extat
1086 969 1118 1034 iu
1142 969 1271 1038 litsseli.

356 1069 404 1136 Ad
427 1069 514 1138 XIX.
548 1069 713 1156 Negatire.

354 1173 402 1238 nd
426 1173 495 1242 XX.
532 1175 684 1258 Negative
699 1175 738 1240 ad
753 1175 883 1258 primam
900 1178 1029 1260 partem,
1053 1176 1246 1244 Affirmetive
1261 1178 1299 1242 ad
1315 1179 1496 1246 secundam.

253 1279 356 1362 Atque
377 1279 423 1343 ita
444 1279 601 1363 rescripsit
623 1283 682 1346 etc.
706 1280 756 1346 die
778 1282 808 1346 3.
832 1281 919 1347 lunii
943 1282 1035 1348 1892.

567 1389 644 1476 †C.
666 1389 757 1458 aare.
782 1393 1058 1473 Albici-Mosella,
1081 1392 1111 1460 S.
1136 1394 1171 1460 a.
1196 1393 1229 1462 G.
1256 1393 1448 1462 Praefectus.

670 1495 850 1564 Vincentius
871 1497 981 1576 Nasoi,
1005 1495 1036 1563 S.
1060 1497 1095 1564 R.
1118 1497 1151 1564 G.
1175 1496 1375 1564 Secretarius.

250 1658 280 1720 4.
315 1650 410 1720 Decr.
432 1650 464 1718 d.
488 1657 540 1718 11.
560 1649 655 1718 Jaaii
676 1655 761 1719 1890
783 1653 870 1718 eirea
890 1651 1054 1720 nabornam
1076 1674 1178 1736 aquae
1197 1654 1436 1720 benedicitoaem
1458 1654 1496 1719 iu

584 1755 665 1836 festo
687 1755 893 1838 Epiphaniae
909 1758 1149 1841 perpiciendum.
1252 1823 1256 1828 .

687 1893 833 1950 Plarium
855 1895 1059 1952 Dioeeceium.

352 2014 455 2097 Quum
476 2015 509 2080 iu
532 2014 688 2081 nonnullis
712 2013 909 2081 Dioecesibus
930 2036 1004 2082 usus
1035 2017 1141 2102 uigeat
1173 2017 1348 2103 perficiendi
1378 2018 1411 2083 in
1432 2018 1491 2083 Vi·
1600 2087 1601 2096 ,

248 2121 327 2206 gilia
348 2119 395 2186 vel
418 2119 450 2184 iu
472 2117 551 2184 iesto
573 2119 765 2203 Epiphaniae
790 2119 912 2185 Domini
931 2122 1098 2186 solemnem
1123 2140 1221 2206 aquae
1245 2122 1492 2187 benedictinaem

247 2224 396 2310 peculiari
420 2223 561 2289 adhibito
582 2225 663 2302 ritu;
696 2241 714 2288 a
743 2221 836 2290 Sacra
868 2223 997 2290 Rituum
1027 2224 1274 2310 congregatione
1303 2226 1491 2310 jampridem

248 2329 422 2414 quaesitum
444 2326 557 2404 iuerat,
579 2345 618 2393 an
641 2327 792 2410 ejusmodi
815 2328 893 2394 ritus
916 2329 1001 2395 licite
1022 2331 1137 2394 serrari
1161 2329 1274 2397 ualeat.
1309 2329 1402 2395 Sacra
1420 2349 1493 2396 vero

247 2433 354 2501 eadem
378 2431 594 2518 congregatio,
618 2434 784 2516 autequam
807 2431 956 2517 ejusmodi
980 2433 1189 2516 quaestionem
1215 2433 1366 2512 deliniret,
1390 2433 1493 2500 voluit

249 2541 284 2605 ut
303 2557 339 2606 ea
359 2535 415 2603 sub
438 2535 522 2602 omni
544 2536 684 2620 respectu
706 2531 944 2619 expenderetur,
978 2537 1071 2603 simul
1105 2537 1266 2621 exquisitis
1296 2540 1431 2603 virorum
1456 2539 1490 2603 irr

247 2643 339 2710 rebus
358 2640 514 2726 liturgicis
537 2641 675 2724 apprime
701 2640 869 2722 perItorum
892 2639 987 2720 votis,
1017 2641 1197 2724 praesertIm
1228 2641 1328 2724 quoad
1360 2641 1492 2726 hujusce

246 2747 327 2812 ritus
350 2746 542 2822 uarietatem,
565 2743 697 2827 quaein
720 2743 905 2827 supradictis
921 2744 1066 2810 Ecclesiis
1089 2745 1220 2822 obtinet,
1242 2748 1367 2832 propter
1381 2763 1491 2811 sacrae

247 2849 407 2936 [liturgiae
429 2849 547 2914 latione
572 2865 731 2931 agraeca,
755 2846 835 2913 unde
857 2847 935 2914 ritus
949 2849 1015 2932 ipae
1031 2848 1210 2934 desumptus
1225 2851 1281 2928 est,
1305 2849 1487 2932 discrepan-

246 2955 341 3032 tiarn3
370 2970 448 3038 quae
478 2953 550 3018 rota
575 2969 638 3017 uua
668 2968 737 3017 curn
765 2951 876 3017 ceteris
903 2952 1046 3018 omuibus
1076 2952 1269 3019 documentis
1300 2973 1363 3019 rem
1386 2954 1488 3036 ipsam

245 3057 482 3143 respicientibus
512 3073 531 3120 a
560 3054 597 3122 a.
630 3056 663 3122 P.
695 3053 733 3120 D.
763 3055 939 3122 Promotore
967 3055 996 3122 S.
1022 3056 1109 3122 Fidei
1140 3057 1288 3136 collecta,
1322 3057 1490 3140 additoque

245 3181 323 3230 nouo
344 3159 476 3246 praelati
499 3157 579 3224 rItus
598 3159 755 3225 schemate
771 3160 810 3225 eb
826 3159 958 3244 ipsomet
979 3163 1112 3240 exarato,
1135 3159 1223 3228 Sacri
1239 3160 1352 3226 doetus
1367 3160 1487 3226 dIscns·

245 3266 324 3333 sioni
346 3263 581 3350 subjicerentur.

349 3369 408 3434 His
428 3367 534 3453 Itaque
551 3366 610 3432 alte
634 3365 831 3450 comparatis,
864 3367 933 3450 lipni
956 3370 987 3434 et
1012 3369 1083 3435 Rmi
1106 3367 1214 3434 Patres
1237 3368 1339 3434 Sacris
1362 3369 1487 3434 tuendis

247 3474 370 3542 Ritibus
399 3471 565 3558 praepositi
596 3470 627 3535 iu
654 3469 827 3537 Ordiuariis
849 3470 990 3538 OomItIIs
1018 3473 1202 3557 subsignata
1224 3473 1273 3539 dle
1295 3471 1486 3552 coadunatis,

245 3578 423 3645 accuratum
447 3594 573 3642 eramen
597 3574 799 3641 instituerunt
822 3593 914 3660 super
936 3577 1046 3642 natura
1069 3577 1225 3643 enunciati
1248 3579 1336 3657 ritus,
1360 3577 1487 3661 ejusque

244 3682 284 3748 ab
307 3681 459 3748 Orientali
479 3679 617 3746 Ecclesia
639 3678 848 3758 derivatione,
872 3699 928 3746 nea
950 3699 1010 3746 non
1033 3699 1123 3765 super
1146 3681 1265 3756 canals,
1296 3701 1376 3765 quaa
1398 3681 1485 3747 illius

245 3805 333 3852 usum
357 3785 389 3850 iu
408 3784 563 3868 aliquibus
582 3782 729 3849 Ecclesiis
744 3783 835 3849 latini
850 3785 929 3850 ritus
945 3785 1176 3862 consuluerunt,
1199 3785 1345 3868 iuspectis
1360 3785 1485 3868 insuper

245 3890 337 3956 variis
360 3887 458 3972 ipsius
480 3886 622 3953 formulis
650 3887 723 3952 hinc
752 3887 825 3952 inde
848 3887 994 3953 usitatis:
1025 3907 1062 3953 ac
1091 3888 1215 3954 demum
1248 3889 1404 3972 perpensis
1432 3907 1481 3954 ra·

241 3994 393 4074 tibuibus,
414 3991 526 4077 quibus
549 3989 688 4074 permitti
711 3993 829 4075 posset,
854 3992 903 4057 vel
925 3992 1051 4058 tolerari
1076 3991 1226 4076 ejusmodi
1250 3993 1344 4070 ritus,
1369 3993 1480 4058 saltem

243 4103 274 4165 in
297 4098 382 4176 locis,
404 4095 457 4161 ubi
480 4093 625 4160 inductus
649 4094 718 4173 tult,
736 4095 932 4178 probibendo
954 4102 1066 4174 tamea,
1090 4118 1129 4163 ae
1146 4097 1223 4164 alibi
1238 4117 1376 4182 anquam
1391 4096 1483 4163 adbi-

243 4207 361 4284 beatar,
384 4209 488 4286 utpote
509 4203 633 4270 omnino
653 4204 805 4285 propriae
828 4202 969 4269 Graecae
991 4202 1169 4279 Ecclesiae,
1200 4208 1291 4284 atpac
1313 4203 1353 4268 ab
1374 4201 1480 4268 indole

241 4311 336 4376 latai
358 4310 439 4376 ritae
459 4307 558 4390 plane
580 4306 711 4374 alienae.
756 4305 836 4371 Hinc
865 4325 918 4389 per
953 4327 1002 4372 me
1028 4306 1259 4390 infrascriptum
1284 4305 1480 4372 cardinalem

241 4413 352 4479 Sacrae
385 4413 483 4478 eidem
514 4411 753 4495 Gangregatmni
787 4407 979 4476 Praefectum
1015 4411 1167 4494 proposIto
1203 4409 1325 4475 Dubio:
1363 4412 1418 4475 Aa
1447 4410 1482 4474 in

241 4538 342 4600 aquae
363 4516 580 4593 benedictione,
604 4535 683 4599 puae
701 4516 738 4580 in
760 4513 893 4596 milia,
917 4515 965 4580 vel
986 4517 1020 4578 ia
1039 4516 1117 4597 festo
1140 4513 1343 4596 Epiphaniae
1364 4513 1402 4578 ia
1421 4511 1482 4577 ali·
