<?xml version="1.0" encoding="UTF-8"?>
<!DOCTYPE html PUBLIC "-//W3C//DTD XHTML 1.0 Transitional//EN"
    "http://www.w3.org/TR/xhtml1/DTD/xhtml1-transitional.dtd">
<html xmlns="http://www.w3.org/1999/xhtml" xml:lang="en" lang="en">
 <head>
  <title>
</title>
<meta http-equiv="Content-Type" content="text/html;charset=utf-8" />
  <meta name='ocr-system' content='tesseract 3.04.00' />
  <meta name='ocr-capabilities' content='ocr_page ocr_carea ocr_par ocr_line ocrx_word'/>
</head>
<body>
  <div class='ocr_page' id='page_1' title='image "./archivfrkatholi02unkngoog_0393.png"; bbox 0 0 3220 4902; ppageno 0'>
   <div class='ocr_carea' id='block_1_1' title="bbox 259 147 1458 234">
    <p class='ocr_par' dir='ltr' id='par_1_1' title="bbox 259 147 1458 234">
     <span class='ocr_line' id='line_1_1' title="bbox 259 147 1458 234; baseline 0.007 -24"><span class='ocrx_word' id='word_1_1' title='bbox 259 147 323 212; x_wconf 86' lang='lat'>388</span> <span class='ocrx_word' id='word_1_2' title='bbox 365 165 399 218; x_wconf 85' lang='lat' dir='ltr'>H.</span> <span class='ocrx_word' id='word_1_3' title='bbox 418 163 537 234; x_wconf 73' lang='lat' dir='ltr'>Smper,</span> <span class='ocrx_word' id='word_1_4' title='bbox 560 165 702 232; x_wconf 77' lang='lat' dir='ltr'>Beilrope</span> <span class='ocrx_word' id='word_1_5' title='bbox 722 179 777 218; x_wconf 78' lang='lat' dir='ltr'>aar</span> <span class='ocrx_word' id='word_1_6' title='bbox 799 165 992 234; x_wconf 71' lang='lat' dir='ltr'>warorpuap</span> <span class='ocrx_word' id='word_1_7' title='bbox 1012 167 1067 218; x_wconf 80' lang='lat' dir='ltr'>der</span> <span class='ocrx_word' id='word_1_8' title='bbox 1090 165 1458 220; x_wconf 80' lang='lat' dir='ltr'>Decretlstenlltterolur.</span> 
     </span>
    </p>
   </div>
   <div class='ocr_carea' id='block_1_2' title="bbox 175 335 1595 2814">
    <p class='ocr_par' dir='ltr' id='par_1_2' title="bbox 259 335 1508 734">
     <span class='ocr_line' id='line_1_2' title="bbox 260 335 1507 420; baseline 0.001 -18"><span class='ocrx_word' id='word_1_9' title='bbox 260 336 343 402; x_wconf 85' lang='lat' dir='ltr'>modi</span> <span class='ocrx_word' id='word_1_10' title='bbox 366 335 494 400; x_wconf 83' lang='lat' dir='ltr'>abbates</span> <span class='ocrx_word' id='word_1_11' title='bbox 517 337 673 418; x_wconf 84' lang='lat' dir='ltr'>exemptos</span> <span class='ocrx_word' id='word_1_12' title='bbox 696 355 776 420; x_wconf 82' lang='lat' dir='ltr'>mag.</span> <span class='ocrx_word' id='word_1_13' title='bbox 801 335 960 401; x_wconf 78' lang='lat' dir='ltr'>eilbertus</span> <span class='ocrx_word' id='word_1_14' title='bbox 983 336 1198 401; x_wconf 80' lang='lat' dir='ltr'>schismatibus</span> <span class='ocrx_word' id='word_1_15' title='bbox 1219 355 1285 402; x_wconf 87' lang='lat' dir='ltr'>esee</span> <span class='ocrx_word' id='word_1_16' title='bbox 1301 338 1453 402; x_wconf 81' lang='lat' dir='ltr'>dicebat.</span> <span class='ocrx_word' id='word_1_17' title='bbox 1476 391 1507 404; x_wconf 92' lang='lat'>..</span> 
     </span>
     <span class='ocr_line' id='line_1_3' title="bbox 259 440 1508 523; baseline -0.002 -14"><span class='ocrx_word' id='word_1_18' title='bbox 259 441 328 509; x_wconf 86' lang='lat' dir='ltr'>Seio</span> <span class='ocrx_word' id='word_1_19' title='bbox 352 441 455 506; x_wconf 87' lang='lat' dir='ltr'>eutem</span> <span class='ocrx_word' id='word_1_20' title='bbox 485 440 556 523; x_wconf 86' lang='lat' dir='ltr'>quia</span> <span class='ocrx_word' id='word_1_21' title='bbox 590 441 774 506; x_wconf 83' lang='lat' dir='ltr'>auctoritate</span> <span class='ocrx_word' id='word_1_22' title='bbox 800 441 925 506; x_wconf 87' lang='lat' dir='ltr'>oanouis</span> <span class='ocrx_word' id='word_1_23' title='bbox 950 441 1061 507; x_wconf 83' lang='lat' dir='ltr'>veteris</span> <span class='ocrx_word' id='word_1_24' title='bbox 1085 441 1129 505; x_wconf 84' lang='lat' dir='ltr'>vel</span> <span class='ocrx_word' id='word_1_25' title='bbox 1156 442 1225 506; x_wconf 82' lang='lat' dir='ltr'>novi</span> <span class='ocrx_word' id='word_1_26' title='bbox 1246 462 1304 507; x_wconf 89' lang='lat' dir='ltr'>uon</span> <span class='ocrx_word' id='word_1_27' title='bbox 1328 445 1370 508; x_wconf 88' lang='lat' dir='ltr'>sit</span> <span class='ocrx_word' id='word_1_28' title='bbox 1394 445 1508 507; x_wconf 89' lang='lat' dir='ltr'>huius·</span> 
     </span>
     <span class='ocr_line' id='line_1_4' title="bbox 260 545 1507 630; baseline 0.001 -19"><span class='ocrx_word' id='word_1_29' title='bbox 260 545 342 612; x_wconf 86' lang='lat' dir='ltr'>modi</span> <span class='ocrx_word' id='word_1_30' title='bbox 367 597 399 612; x_wconf 91' lang='lat'>..</span> <span class='ocrx_word' id='word_1_31' title='bbox 421 598 427 612; x_wconf 92' lang='lat'>.</span> <span class='ocrx_word' id='word_1_32' title='bbox 452 545 603 627; x_wconf 78' lang='lat' dir='ltr'>exemptio</span> <span class='ocrx_word' id='word_1_33' title='bbox 624 545 657 608; x_wconf 89' lang='lat' dir='ltr'>in</span> <span class='ocrx_word' id='word_1_34' title='bbox 678 545 816 623; x_wconf 84' lang='lat' dir='ltr'>eeclesia,</span> <span class='ocrx_word' id='word_1_35' title='bbox 841 545 893 610; x_wconf 88' lang='lat' dir='ltr'>sed</span> <span class='ocrx_word' id='word_1_36' title='bbox 917 545 1045 628; x_wconf 79' lang='lat' dir='ltr'>speciali</span> <span class='ocrx_word' id='word_1_37' title='bbox 1067 545 1251 611; x_wconf 84' lang='lat' dir='ltr'>auctoritate</span> <span class='ocrx_word' id='word_1_38' title='bbox 1274 547 1357 612; x_wconf 86' lang='lat' dir='ltr'>sedis</span> <span class='ocrx_word' id='word_1_39' title='bbox 1377 551 1507 630; x_wconf 76' lang='lat' dir='ltr'>aposto-</span> 
     </span>
     <span class='ocr_line' id='line_1_5' title="bbox 260 647 1058 734; baseline -0.001 -20"><span class='ocrx_word' id='word_1_40' title='bbox 260 650 347 728; x_wconf 85' lang='lat' dir='ltr'>lieae,</span> <span class='ocrx_word' id='word_1_41' title='bbox 371 669 464 734; x_wconf 87' lang='lat' dir='ltr'>quam</span> <span class='ocrx_word' id='word_1_42' title='bbox 487 668 547 714; x_wconf 88' lang='lat' dir='ltr'>uon</span> <span class='ocrx_word' id='word_1_43' title='bbox 570 649 688 731; x_wconf 72' lang='lat' dir='ltr'>politur</span> <span class='ocrx_word' id='word_1_44' title='bbox 711 647 860 713; x_wconf 85' lang='lat' dir='ltr'><strong>Dominus</strong></span> <span class='ocrx_word' id='word_1_45' title='bbox 883 650 1058 732; x_wconf 79' lang='lat' dir='ltr'>errarel⁴¹).</span> 
     </span>
    </p>

    <p class='ocr_par' dir='ltr' id='par_1_3' title="bbox 363 751 865 835">
     <span class='ocr_line' id='line_1_6' title="bbox 363 751 865 835; baseline -0.006 -16"><span class='ocrx_word' id='word_1_46' title='bbox 363 754 399 819; x_wconf 90' lang='lat' dir='ltr'>In</span> <span class='ocrx_word' id='word_1_47' title='bbox 424 754 503 820; x_wconf 87' lang='lat' dir='ltr'>Dist.</span> <span class='ocrx_word' id='word_1_48' title='bbox 528 751 658 817; x_wconf 86' lang='lat' dir='ltr'>XXVII.</span> <span class='ocrx_word' id='word_1_49' title='bbox 682 751 760 834; x_wconf 79' lang='lat' dir='ltr'>(h&#39;ol.</span> <span class='ocrx_word' id='word_1_50' title='bbox 786 755 865 835; x_wconf 78' lang='lat'>5¹⁰):</span> 
     </span>
    </p>

    <p class='ocr_par' dir='ltr' id='par_1_4' title="bbox 259 855 1509 1048">
     <span class='ocr_line' id='line_1_7' title="bbox 365 855 1509 941; baseline 0.002 -21"><span class='ocrx_word' id='word_1_51' title='bbox 365 859 477 922; x_wconf 81' lang='lat' dir='ltr'>Votum</span> <span class='ocrx_word' id='word_1_52' title='bbox 495 858 650 940; x_wconf 83' lang='lat' dir='ltr'>privatum</span> <span class='ocrx_word' id='word_1_53' title='bbox 666 855 851 938; x_wconf 87' lang='lat' dir='ltr'>dupplioiter</span> <span class='ocrx_word' id='word_1_54' title='bbox 866 855 995 920; x_wconf 87' lang='lat' dir='ltr'>dieitur:</span> <span class='ocrx_word' id='word_1_55' title='bbox 1014 859 1070 920; x_wconf 85' lang='lat' dir='ltr'>aut</span> <span class='ocrx_word' id='word_1_56' title='bbox 1085 859 1159 939; x_wconf 87' lang='lat' dir='ltr'>quia</span> <span class='ocrx_word' id='word_1_57' title='bbox 1173 857 1340 934; x_wconf 78' lang='lat' dir='ltr'>oecultum,</span> <span class='ocrx_word' id='word_1_58' title='bbox 1357 865 1413 922; x_wconf 83' lang='lat' dir='ltr'>aut</span> <span class='ocrx_word' id='word_1_59' title='bbox 1427 861 1509 941; x_wconf 88' lang='lat' dir='ltr'>quia</span> 
     </span>
     <span class='ocr_line' id='line_1_8' title="bbox 259 960 1509 1048; baseline -0.002 -19"><span class='ocrx_word' id='word_1_60' title='bbox 259 963 392 1048; x_wconf 84' lang='lat' dir='ltr'>publicis</span> <span class='ocrx_word' id='word_1_61' title='bbox 405 961 644 1027; x_wconf 78' lang='lat' dir='ltr'>solennitatibus</span> <span class='ocrx_word' id='word_1_62' title='bbox 657 964 704 1024; x_wconf 88' lang='lat' dir='ltr'>est</span> <span class='ocrx_word' id='word_1_63' title='bbox 717 960 912 1035; x_wconf 79' lang='lat' dir='ltr'>destitutum,</span> <span class='ocrx_word' id='word_1_64' title='bbox 926 961 984 1025; x_wconf 89' lang='lat' dir='ltr'>etsi</span> <span class='ocrx_word' id='word_1_65' title='bbox 998 979 1051 1043; x_wconf 91' lang='lat' dir='ltr'>per</span> <span class='ocrx_word' id='word_1_66' title='bbox 1065 961 1179 1024; x_wconf 88' lang='lat' dir='ltr'>multos</span> <span class='ocrx_word' id='word_1_67' title='bbox 1191 963 1286 1026; x_wconf 83' lang='lat' dir='ltr'>testes</span> <span class='ocrx_word' id='word_1_68' title='bbox 1299 963 1418 1044; x_wconf 89' lang='lat' dir='ltr'>probari</span> <span class='ocrx_word' id='word_1_69' title='bbox 1434 983 1509 1045; x_wconf 89' lang='lat' dir='ltr'>pos-</span> 
     </span>
    </p>

    <p class='ocr_par' dir='ltr' id='par_1_5' title="bbox 175 1064 1595 2276">
     <span class='ocr_line' id='line_1_9' title="bbox 175 1064 1510 1154; baseline -0.003 -18"><span class='ocrx_word' id='word_1_70' title='bbox 175 1127 179 1136; x_wconf 92' lang='lat'>.</span> <span class='ocrx_word' id='word_1_71' title='bbox 258 1067 357 1154; x_wconf 78' lang='lat' dir='ltr'>sit⁴¹).</span> <span class='ocrx_word' id='word_1_72' title='bbox 385 1067 516 1133; x_wconf 78' lang='lat' dir='ltr'>Eisdem</span> <span class='ocrx_word' id='word_1_73' title='bbox 533 1065 651 1135; x_wconf 73' lang='lat' dir='ltr'>duobus</span> <span class='ocrx_word' id='word_1_74' title='bbox 667 1065 768 1130; x_wconf 83' lang='lat' dir='ltr'>modis</span> <span class='ocrx_word' id='word_1_75' title='bbox 783 1064 900 1130; x_wconf 83' lang='lat' dir='ltr'>dieitur</span> <span class='ocrx_word' id='word_1_76' title='bbox 916 1065 1145 1131; x_wconf 79' lang='lat' dir='ltr'>clandestinam</span> <span class='ocrx_word' id='word_1_77' title='bbox 1160 1067 1345 1150; x_wconf 75' lang='lat' dir='ltr'>centuplam.</span> <span class='ocrx_word' id='word_1_78' title='bbox 1372 1068 1415 1131; x_wconf 88' lang='lat' dir='ltr'>De</span> <span class='ocrx_word' id='word_1_79' title='bbox 1431 1073 1510 1132; x_wconf 80' lang='lat' dir='ltr'>volo</span> 
     </span>
     <span class='ocr_line' id='line_1_10' title="bbox 259 1168 1509 1254; baseline -0.001 -17"><span class='ocrx_word' id='word_1_80' title='bbox 259 1175 363 1238; x_wconf 82' lang='lat' dir='ltr'>autem</span> <span class='ocrx_word' id='word_1_81' title='bbox 379 1172 500 1254; x_wconf 84' lang='lat' dir='ltr'>privato</span> <span class='ocrx_word' id='word_1_82' title='bbox 516 1169 664 1252; x_wconf 81' lang='lat' dir='ltr'>queritur,</span> <span class='ocrx_word' id='word_1_83' title='bbox 681 1168 816 1252; x_wconf 84' lang='lat' dir='ltr'>qualiter</span> <span class='ocrx_word' id='word_1_84' title='bbox 831 1168 981 1252; x_wconf 84' lang='lat' dir='ltr'>impediat</span> <span class='ocrx_word' id='word_1_85' title='bbox 995 1171 1227 1234; x_wconf 81' lang='lat' dir='ltr'>matrimonium</span> <span class='ocrx_word' id='word_1_86' title='bbox 1241 1171 1509 1236; x_wconf 85' lang='lat' dir='ltr'>contrahendum:</span> 
     </span>
     <span class='ocr_line' id='line_1_11' title="bbox 258 1272 1510 1360; baseline -0.002 -20"><span class='ocrx_word' id='word_1_87' title='bbox 258 1294 297 1340; x_wconf 81' lang='lat' dir='ltr'>arr</span> <span class='ocrx_word' id='word_1_88' title='bbox 320 1273 466 1360; x_wconf 59' lang='lat' dir='ltr'>nequest)</span> <span class='ocrx_word' id='word_1_89' title='bbox 490 1273 581 1348; x_wconf 82' lang='lat' dir='ltr'>adeo,</span> <span class='ocrx_word' id='word_1_90' title='bbox 614 1273 649 1336; x_wconf 90' lang='lat' dir='ltr'>ut</span> <span class='ocrx_word' id='word_1_91' title='bbox 681 1273 720 1336; x_wconf 88' lang='lat' dir='ltr'>ab</span> <span class='ocrx_word' id='word_1_92' title='bbox 752 1272 882 1336; x_wconf 89' lang='lat' dir='ltr'>eoelesia</span> <span class='ocrx_word' id='word_1_93' title='bbox 912 1272 1023 1338; x_wconf 87' lang='lat' dir='ltr'>debeat</span> <span class='ocrx_word' id='word_1_94' title='bbox 1051 1273 1120 1356; x_wconf 88' lang='lat' dir='ltr'>quis</span> <span class='ocrx_word' id='word_1_95' title='bbox 1144 1274 1297 1354; x_wconf 78' lang='lat' dir='ltr'>prohiberi</span> <span class='ocrx_word' id='word_1_96' title='bbox 1321 1275 1510 1340; x_wconf 78' lang='lat' dir='ltr'>contrahere</span> 
     </span>
     <span class='ocr_line' id='line_1_12' title="bbox 216 1376 1508 1460; baseline -0.002 -16"><span class='ocrx_word' id='word_1_97' title='bbox 216 1381 220 1390; x_wconf 89' lang='lat'>&#39;</span> <span class='ocrx_word' id='word_1_98' title='bbox 259 1379 489 1444; x_wconf 81' lang='lat' dir='ltr'>matrimonium</span> <span class='ocrx_word' id='word_1_99' title='bbox 513 1378 554 1455; x_wconf 77' lang='lat' dir='ltr'>et,</span> <span class='ocrx_word' id='word_1_100' title='bbox 579 1376 604 1439; x_wconf 91' lang='lat' dir='ltr'>si</span> <span class='ocrx_word' id='word_1_101' title='bbox 629 1379 696 1458; x_wconf 88' lang='lat' dir='ltr'>post</span> <span class='ocrx_word' id='word_1_102' title='bbox 718 1376 981 1440; x_wconf 88' lang='lat' dir='ltr'>denuntiationem</span> <span class='ocrx_word' id='word_1_103' title='bbox 1006 1378 1133 1441; x_wconf 81' lang='lat' dir='ltr'>eeclesia</span> <span class='ocrx_word' id='word_1_104' title='bbox 1149 1379 1181 1441; x_wconf 87' lang='lat' dir='ltr'>et</span> <span class='ocrx_word' id='word_1_105' title='bbox 1198 1379 1267 1459; x_wconf 88' lang='lat' dir='ltr'>post</span> <span class='ocrx_word' id='word_1_106' title='bbox 1282 1379 1508 1460; x_wconf 83' lang='lat' dir='ltr'>prohibitionis</span> 
     </span>
     <span class='ocr_line' id='line_1_13' title="bbox 259 1465 1508 1565; baseline 0 -18"><span class='ocrx_word' id='word_1_107' title='bbox 259 1483 456 1547; x_wconf 82' lang='lat' dir='ltr'>interdictum</span> <span class='ocrx_word' id='word_1_108' title='bbox 467 1481 507 1565; x_wconf 84' lang='lat'>⁴⁴)</span> <span class='ocrx_word' id='word_1_109' title='bbox 539 1465 747 1557; x_wconf 79' lang='lat' dir='ltr'>contractum,</span> <span class='ocrx_word' id='word_1_110' title='bbox 780 1499 838 1545; x_wconf 91' lang='lat' dir='ltr'>nou</span> <span class='ocrx_word' id='word_1_111' title='bbox 871 1481 982 1545; x_wconf 84' lang='lat' dir='ltr'>valeat.</span> <span class='ocrx_word' id='word_1_112' title='bbox 1028 1481 1067 1545; x_wconf 81' lang='lat' dir='ltr'>nt</span> <span class='ocrx_word' id='word_1_113' title='bbox 1093 1481 1149 1546; x_wconf 88' lang='lat' dir='ltr'>hoo</span> <span class='ocrx_word' id='word_1_114' title='bbox 1171 1482 1355 1564; x_wconf 84' lang='lat' dir='ltr'>quibusdem</span> <span class='ocrx_word' id='word_1_115' title='bbox 1381 1483 1508 1565; x_wconf 84' lang='lat' dir='ltr'>plaeet;</span> 
     </span>
     <span class='ocr_line' id='line_1_14' title="bbox 261 1584 1508 1670; baseline 0.001 -20"><span class='ocrx_word' id='word_1_116' title='bbox 261 1606 328 1652; x_wconf 88' lang='lat' dir='ltr'>nam</span> <span class='ocrx_word' id='word_1_117' title='bbox 353 1585 407 1670; x_wconf 92' lang='lat' dir='ltr'>qui</span> <span class='ocrx_word' id='word_1_118' title='bbox 430 1585 476 1650; x_wconf 83' lang='lat' dir='ltr'>vel</span> <span class='ocrx_word' id='word_1_119' title='bbox 500 1585 644 1667; x_wconf 87' lang='lat' dir='ltr'>privatim</span> <span class='ocrx_word' id='word_1_120' title='bbox 669 1584 770 1661; x_wconf 84' lang='lat' dir='ltr'>vovit,</span> <span class='ocrx_word' id='word_1_121' title='bbox 800 1584 902 1649; x_wconf 86' lang='lat' dir='ltr'>voleus</span> <span class='ocrx_word' id='word_1_122' title='bbox 926 1585 1038 1650; x_wconf 84' lang='lat' dir='ltr'>nubere</span> <span class='ocrx_word' id='word_1_123' title='bbox 1062 1585 1235 1650; x_wconf 82' lang='lat' dir='ltr'>mortaliter</span> <span class='ocrx_word' id='word_1_124' title='bbox 1256 1589 1371 1668; x_wconf 85' lang='lat' dir='ltr'>peceat.</span> <span class='ocrx_word' id='word_1_125' title='bbox 1419 1587 1508 1668; x_wconf 74' lang='lat' dir='ltr'>Ergo</span> 
     </span>
     <span class='ocr_line' id='line_1_15' title="bbox 259 1688 1505 1773; baseline -0.001 -18"><span class='ocrx_word' id='word_1_126' title='bbox 259 1691 286 1756; x_wconf 91' lang='lat' dir='ltr'>si</span> <span class='ocrx_word' id='word_1_127' title='bbox 308 1690 345 1755; x_wconf 89' lang='lat' dir='ltr'>de</span> <span class='ocrx_word' id='word_1_128' title='bbox 367 1691 436 1755; x_wconf 83' lang='lat' dir='ltr'>voto</span> <span class='ocrx_word' id='word_1_129' title='bbox 461 1690 583 1753; x_wconf 87' lang='lat' dir='ltr'>constat</span> <span class='ocrx_word' id='word_1_130' title='bbox 605 1690 660 1752; x_wconf 89' lang='lat' dir='ltr'>aut</span> <span class='ocrx_word' id='word_1_131' title='bbox 682 1688 748 1753; x_wconf 90' lang='lat' dir='ltr'>eius</span> <span class='ocrx_word' id='word_1_132' title='bbox 771 1688 960 1754; x_wconf 81' lang='lat' dir='ltr'>contessione</span> <span class='ocrx_word' id='word_1_133' title='bbox 983 1689 1196 1768; x_wconf 79' lang='lat' dir='ltr'>anitentibus,</span> <span class='ocrx_word' id='word_1_134' title='bbox 1218 1689 1425 1773; x_wconf 85' lang='lat' dir='ltr'>prohibendus</span> <span class='ocrx_word' id='word_1_135' title='bbox 1440 1695 1505 1766; x_wconf 85' lang='lat' dir='ltr'>est,</span> 
     </span>
     <span class='ocr_line' id='line_1_16' title="bbox 260 1792 1507 1878; baseline 0.001 -19"><span class='ocrx_word' id='word_1_136' title='bbox 260 1813 296 1860; x_wconf 90' lang='lat' dir='ltr'>ue</span> <span class='ocrx_word' id='word_1_137' title='bbox 320 1794 424 1860; x_wconf 90' lang='lat' dir='ltr'>nubat.</span> <span class='ocrx_word' id='word_1_138' title='bbox 474 1794 533 1858; x_wconf 89' lang='lat' dir='ltr'>Der</span> <span class='ocrx_word' id='word_1_139' title='bbox 567 1793 646 1858; x_wconf 87' lang='lat' dir='ltr'>Veri.</span> <span class='ocrx_word' id='word_1_140' title='bbox 678 1792 814 1857; x_wconf 81' lang='lat' dir='ltr'>verwirlt</span> <span class='ocrx_word' id='word_1_141' title='bbox 838 1792 948 1876; x_wconf 89' lang='lat' dir='ltr'>jedoeh</span> <span class='ocrx_word' id='word_1_142' title='bbox 978 1793 1020 1858; x_wconf 93' lang='lat' dir='ltr'>im</span> <span class='ocrx_word' id='word_1_143' title='bbox 1046 1793 1221 1877; x_wconf 80' lang='lat' dir='ltr'>l&#39;olgenden</span> <span class='ocrx_word' id='word_1_144' title='bbox 1247 1793 1331 1859; x_wconf 85' lang='lat' dir='ltr'>disse</span> <span class='ocrx_word' id='word_1_145' title='bbox 1353 1795 1507 1878; x_wconf 84' lang='lat' dir='ltr'>lleiuung</span> 
     </span>
     <span class='ocr_line' id='line_1_17' title="bbox 261 1891 1595 1974; baseline 0.001 -11"><span class='ocrx_word' id='word_1_146' title='bbox 261 1899 322 1963; x_wconf 92' lang='lat' dir='ltr'>uud</span> <span class='ocrx_word' id='word_1_147' title='bbox 345 1898 489 1964; x_wconf 86' lang='lat' dir='ltr'>sehliesst</span> <span class='ocrx_word' id='word_1_148' title='bbox 511 1897 577 1960; x_wconf 87' lang='lat' dir='ltr'>sioh</span> <span class='ocrx_word' id='word_1_149' title='bbox 602 1897 660 1961; x_wconf 91' lang='lat' dir='ltr'>den</span> <span class='ocrx_word' id='word_1_150' title='bbox 684 1896 777 1960; x_wconf 77' lang='lat' dir='ltr'>›alii‹</span> <span class='ocrx_word' id='word_1_151' title='bbox 802 1914 859 1974; x_wconf 84' lang='lat' dir='ltr'>an,</span> <span class='ocrx_word' id='word_1_152' title='bbox 893 1897 1007 1963; x_wconf 83' lang='lat' dir='ltr'>nelobe</span> <span class='ocrx_word' id='word_1_153' title='bbox 1041 1899 1166 1962; x_wconf 87' lang='lat' dir='ltr'>solehen</span> <span class='ocrx_word' id='word_1_154' title='bbox 1200 1897 1301 1963; x_wconf 70' lang='lat' dir='ltr'>halles</span> <span class='ocrx_word' id='word_1_155' title='bbox 1335 1899 1385 1964; x_wconf 88' lang='lat' dir='ltr'>die</span> <span class='ocrx_word' id='word_1_156' title='bbox 1417 1899 1503 1964; x_wconf 80' lang='lat' dir='ltr'>lihe-</span> <span class='ocrx_word' id='word_1_157' title='bbox 1594 1891 1595 1922; x_wconf 63' lang='lat'>¹</span> 
     </span>
     <span class='ocr_line' id='line_1_18' title="bbox 259 1999 1504 2084; baseline 0.001 -18"><span class='ocrx_word' id='word_1_158' title='bbox 259 2001 452 2084; x_wconf 83' lang='lat' dir='ltr'>sohliessung</span> <span class='ocrx_word' id='word_1_159' title='bbox 475 1999 562 2064; x_wconf 86' lang='lat' dir='ltr'>nieht</span> <span class='ocrx_word' id='word_1_160' title='bbox 585 1999 782 2066; x_wconf 82' lang='lat' dir='ltr'>sernehren:</span> <span class='ocrx_word' id='word_1_161' title='bbox 817 1999 1040 2065; x_wconf 81' lang='lat' dir='ltr'>»Tolerabilius</span> <span class='ocrx_word' id='word_1_162' title='bbox 1071 2003 1174 2066; x_wconf 87' lang='lat' dir='ltr'>autem</span> <span class='ocrx_word' id='word_1_163' title='bbox 1204 2003 1253 2067; x_wconf 91' lang='lat' dir='ltr'>est</span> <span class='ocrx_word' id='word_1_164' title='bbox 1276 2002 1371 2066; x_wconf 90' lang='lat' dir='ltr'>semel</span> <span class='ocrx_word' id='word_1_165' title='bbox 1395 2006 1504 2067; x_wconf 83' lang='lat' dir='ltr'>uotum</span> 
     </span>
     <span class='ocr_line' id='line_1_19' title="bbox 258 2103 1504 2190; baseline 0.001 -20"><span class='ocrx_word' id='word_1_166' title='bbox 258 2107 401 2190; x_wconf 80' lang='lat' dir='ltr'>frangere</span> <span class='ocrx_word' id='word_1_167' title='bbox 423 2123 515 2188; x_wconf 75' lang='lat' dir='ltr'>quaem</span> <span class='ocrx_word' id='word_1_168' title='bbox 536 2122 589 2186; x_wconf 91' lang='lat' dir='ltr'>por</span> <span class='ocrx_word' id='word_1_169' title='bbox 618 2103 873 2169; x_wconf 87' lang='lat' dir='ltr'>ineuntinentiam</span> <span class='ocrx_word' id='word_1_170' title='bbox 906 2123 977 2187; x_wconf 88' lang='lat' dir='ltr'>sepe</span> <span class='ocrx_word' id='word_1_171' title='bbox 1006 2123 1042 2170; x_wconf 89' lang='lat' dir='ltr'>ae</span> <span class='ocrx_word' id='word_1_172' title='bbox 1073 2107 1176 2189; x_wconf 84' lang='lat' dir='ltr'>sepina</span> <span class='ocrx_word' id='word_1_173' title='bbox 1205 2107 1237 2169; x_wconf 94' lang='lat' dir='ltr'>in</span> <span class='ocrx_word' id='word_1_174' title='bbox 1270 2105 1504 2172; x_wconf 84' lang='lat' dir='ltr'>fornicationem</span> 
     </span>
     <span class='ocr_line' id='line_1_20' title="bbox 259 2209 423 2276; baseline -0.043 0"><span class='ocrx_word' id='word_1_175' title='bbox 259 2209 423 2276; x_wconf 80' lang='lat' dir='ltr'>inuidere«</span> 
     </span>
    </p>

    <p class='ocr_par' dir='ltr' id='par_1_6' title="bbox 258 2267 1595 2814">
     <span class='ocr_line' id='line_1_21' title="bbox 365 2311 1498 2399; baseline 0.003 -23"><span class='ocrx_word' id='word_1_176' title='bbox 365 2313 421 2378; x_wconf 87' lang='lat' dir='ltr'>Die</span> <span class='ocrx_word' id='word_1_177' title='bbox 450 2312 739 2389; x_wconf 81' lang='lat' dir='ltr'>Commentatoren‚</span> <span class='ocrx_word' id='word_1_178' title='bbox 770 2311 862 2377; x_wconf 84' lang='lat' dir='ltr'>deren</span> <span class='ocrx_word' id='word_1_179' title='bbox 893 2313 1006 2379; x_wconf 86' lang='lat' dir='ltr'>Werlre</span> <span class='ocrx_word' id='word_1_180' title='bbox 1037 2332 1178 2378; x_wconf 88' lang='lat' dir='ltr'>unserem</span> <span class='ocrx_word' id='word_1_181' title='bbox 1210 2316 1308 2380; x_wconf 85' lang='lat' dir='ltr'>Autor</span> <span class='ocrx_word' id='word_1_182' title='bbox 1339 2315 1498 2399; x_wconf 77' lang='lat' dir='ltr'>vorlagen,</span> 
     </span>
     <span class='ocr_line' id='line_1_22' title="bbox 261 2415 1594 2502; baseline 0 -20"><span class='ocrx_word' id='word_1_183' title='bbox 261 2417 378 2484; x_wconf 84' lang='lat' dir='ltr'>konnen</span> <span class='ocrx_word' id='word_1_184' title='bbox 411 2435 468 2482; x_wconf 92' lang='lat' dir='ltr'>nur</span> <span class='ocrx_word' id='word_1_185' title='bbox 498 2418 566 2483; x_wconf 82' lang='lat' dir='ltr'>eino</span> <span class='ocrx_word' id='word_1_186' title='bbox 589 2416 774 2500; x_wconf 83' lang='lat' dir='ltr'>Bedeutuug</span> <span class='ocrx_word' id='word_1_187' title='bbox 796 2416 849 2481; x_wconf 86' lang='lat' dir='ltr'>des</span> <span class='ocrx_word' id='word_1_188' title='bbox 872 2415 949 2482; x_wconf 89' lang='lat' dir='ltr'>ooni.</span> <span class='ocrx_word' id='word_1_189' title='bbox 976 2416 1212 2483; x_wconf 83' lang='lat' dir='ltr'>clandestinum.</span> <span class='ocrx_word' id='word_1_190' title='bbox 1258 2417 1501 2502; x_wconf 77' lang='lat' dir='ltr'>uoraginem</span> <span class='ocrx_word' id='word_1_191' title='bbox 1593 2481 1594 2498; x_wconf 18' lang='lat' dir='ltr'>p</span> 
     </span>
     <span class='ocr_line' id='line_1_23' title="bbox 259 2505 1594 2604; baseline -0.001 -17"><span class='ocrx_word' id='word_1_192' title='bbox 259 2521 309 2586; x_wconf 80' lang='lat' dir='ltr'>Os.</span> <span class='ocrx_word' id='word_1_193' title='bbox 327 2520 426 2587; x_wconf 79' lang='lat' dir='ltr'>XXX.</span> <span class='ocrx_word' id='word_1_194' title='bbox 443 2519 568 2601; x_wconf 81' lang='lat' dir='ltr'>Quaest.</span> <span class='ocrx_word' id='word_1_195' title='bbox 588 2519 623 2583; x_wconf 90' lang='lat' dir='ltr'>V.</span> <span class='ocrx_word' id='word_1_196' title='bbox 648 2519 790 2604; x_wconf 82' lang='lat' dir='ltr'>fulgenda</span> <span class='ocrx_word' id='word_1_197' title='bbox 814 2520 980 2585; x_wconf 85' lang='lat' dir='ltr'>Definition</span> <span class='ocrx_word' id='word_1_198' title='bbox 1003 2521 1056 2585; x_wconf 91' lang='lat' dir='ltr'>des</span> <span class='ocrx_word' id='word_1_199' title='bbox 1081 2522 1312 2586; x_wconf 83' lang='lat' dir='ltr'>matrimonium</span> <span class='ocrx_word' id='word_1_200' title='bbox 1333 2522 1501 2588; x_wconf 84' lang='lat' dir='ltr'>claudesti·</span> <span class='ocrx_word' id='word_1_201' title='bbox 1593 2505 1594 2512; x_wconf 7' lang='grc' dir='ltr'>ἵ</span> 
     </span>
     <span class='ocr_line' id='line_1_24' title="bbox 258 2623 1499 2710; baseline -0.001 -19"><span class='ocrx_word' id='word_1_202' title='bbox 258 2645 349 2694; x_wconf 84' lang='lat' dir='ltr'>uum:</span> <span class='ocrx_word' id='word_1_203' title='bbox 386 2624 462 2689; x_wconf 78' lang='lat' dir='ltr'>»Flet</span> <span class='ocrx_word' id='word_1_204' title='bbox 492 2625 597 2689; x_wconf 89' lang='lat' dir='ltr'>autem</span> <span class='ocrx_word' id='word_1_205' title='bbox 620 2623 797 2708; x_wconf 80' lang='lat' dir='ltr'>coniugium</span> <span class='ocrx_word' id='word_1_206' title='bbox 819 2623 1063 2702; x_wconf 80' lang='lat' dir='ltr'>clandestinum,</span> <span class='ocrx_word' id='word_1_207' title='bbox 1093 2623 1174 2708; x_wconf 81' lang='lat' dir='ltr'>quod</span> <span class='ocrx_word' id='word_1_208' title='bbox 1199 2626 1318 2691; x_wconf 87' lang='lat' dir='ltr'>ooonlte</span> <span class='ocrx_word' id='word_1_209' title='bbox 1341 2628 1408 2692; x_wconf 89' lang='lat' dir='ltr'>siue</span> <span class='ocrx_word' id='word_1_210' title='bbox 1432 2645 1499 2710; x_wconf 85' lang='lat' dir='ltr'>pre-</span> 
     </span>
     <span class='ocr_line' id='line_1_25' title="bbox 258 2727 1593 2814; baseline 0 -18"><span class='ocrx_word' id='word_1_211' title='bbox 258 2729 358 2797; x_wconf 85' lang='lat' dir='ltr'>sentia</span> <span class='ocrx_word' id='word_1_212' title='bbox 373 2728 511 2806; x_wconf 84' lang='lat' dir='ltr'>testium,</span> <span class='ocrx_word' id='word_1_213' title='bbox 535 2729 601 2792; x_wconf 90' lang='lat' dir='ltr'>siue</span> <span class='ocrx_word' id='word_1_214' title='bbox 617 2727 848 2811; x_wconf 82' lang='lat' dir='ltr'>sollempnitate</span> <span class='ocrx_word' id='word_1_215' title='bbox 863 2729 1072 2796; x_wconf 75' lang='lat' dir='ltr'>traductionis</span> <span class='ocrx_word' id='word_1_216' title='bbox 1080 2729 1131 2814; x_wconf 66' lang='grc'>46),</span> <span class='ocrx_word' id='word_1_217' title='bbox 1157 2729 1379 2795; x_wconf 84' lang='lat' dir='ltr'>benedictionis</span> <span class='ocrx_word' id='word_1_218' title='bbox 1399 2735 1433 2796; x_wconf 87' lang='lat' dir='ltr'>et</span> <span class='ocrx_word' id='word_1_219' title='bbox 1450 2751 1498 2796; x_wconf 84' lang='lat' dir='ltr'>re·</span> <span class='ocrx_word' id='word_1_220' title='bbox 1592 2775 1593 2782; x_wconf 60' lang='lat'>.</span> 
     </span>
    </p>
   </div>
   <div class='ocr_carea' id='block_1_3' title="bbox 146 2881 1592 4597">
    <p class='ocr_par' dir='ltr' id='par_1_7' title="bbox 362 2881 1496 2954">
     <span class='ocr_line' id='line_1_26' title="bbox 362 2881 1496 2954; baseline 0.001 -16"><span class='ocrx_word' id='word_1_221' title='bbox 362 2883 406 2953; x_wconf 80' lang='lat'>41)</span> <span class='ocrx_word' id='word_1_222' title='bbox 426 2885 522 2939; x_wconf 78' lang='lat' dir='ltr'>Petrus</span> <span class='ocrx_word' id='word_1_223' title='bbox 540 2882 677 2938; x_wconf 86' lang='lat' dir='ltr'>Bleeensie</span> <span class='ocrx_word' id='word_1_224' title='bbox 696 2881 764 2946; x_wconf 81' lang='lat' dir='ltr'>ium,</span> <span class='ocrx_word' id='word_1_225' title='bbox 794 2882 841 2938; x_wconf 88' lang='lat' dir='ltr'>der</span> <span class='ocrx_word' id='word_1_226' title='bbox 865 2883 1004 2938; x_wconf 83' lang='lat' dir='ltr'>Veriasser</span> <span class='ocrx_word' id='word_1_227' title='bbox 1028 2883 1075 2938; x_wconf 86' lang='lat' dir='ltr'>des</span> <span class='ocrx_word' id='word_1_228' title='bbox 1100 2883 1259 2954; x_wconf 77' lang='lat' dir='ltr'>»Speculum</span> <span class='ocrx_word' id='word_1_229' title='bbox 1277 2885 1343 2940; x_wconf 87' lang='lat' dir='ltr'>iuris</span> <span class='ocrx_word' id='word_1_230' title='bbox 1362 2885 1496 2942; x_wconf 76' lang='lat' dir='ltr'>canonici«</span> 
     </span>
    </p>

    <p class='ocr_par' dir='ltr' id='par_1_8' title="bbox 258 2957 1592 3298">
     <span class='ocr_line' id='line_1_27' title="bbox 259 2957 1592 3046; baseline -0.001 -20"><span class='ocrx_word' id='word_1_231' title='bbox 259 2971 297 3040; x_wconf 91' lang='lat' dir='ltr'>(in</span> <span class='ocrx_word' id='word_1_232' title='bbox 316 2969 443 3025; x_wconf 86' lang='lat' dir='ltr'>uelohem</span> <span class='ocrx_word' id='word_1_233' title='bbox 462 2985 491 3023; x_wconf 88' lang='lat' dir='ltr'>er</span> <span class='ocrx_word' id='word_1_234' title='bbox 508 2969 576 3023; x_wconf 80' lang='lat' dir='ltr'>auch</span> <span class='ocrx_word' id='word_1_235' title='bbox 595 2984 690 3023; x_wconf 88' lang='lat' dir='ltr'>unsere</span> <span class='ocrx_word' id='word_1_236' title='bbox 709 2967 817 3024; x_wconf 85' lang='lat' dir='ltr'>Summe</span> <span class='ocrx_word' id='word_1_237' title='bbox 834 2967 945 3023; x_wconf 84' lang='lat' dir='ltr'>benutat</span> <span class='ocrx_word' id='word_1_238' title='bbox 964 2969 1024 3033; x_wconf 84' lang='lat' dir='ltr'>hat;</span> <span class='ocrx_word' id='word_1_239' title='bbox 1044 2957 1184 3038; x_wconf 76' lang='lat' dir='ltr'>sunnon),</span> <span class='ocrx_word' id='word_1_240' title='bbox 1201 2971 1279 3025; x_wconf 86' lang='lat' dir='ltr'>hatte</span> <span class='ocrx_word' id='word_1_241' title='bbox 1297 2971 1497 3027; x_wconf 79' lang='lat' dir='ltr'>offenbardiese</span> <span class='ocrx_word' id='word_1_242' title='bbox 1591 3019 1592 3046; x_wconf 24' lang='grc' dir='ltr'><strong>ἶ</strong></span> 
     </span>
     <span class='ocr_line' id='line_1_28' title="bbox 264 3047 1592 3128; baseline -0.003 -15"><span class='ocrx_word' id='word_1_243' title='bbox 264 3057 350 3113; x_wconf 78' lang='lat' dir='ltr'>Stella</span> <span class='ocrx_word' id='word_1_244' title='bbox 375 3055 422 3110; x_wconf 84' lang='lat' dir='ltr'>des</span> <span class='ocrx_word' id='word_1_245' title='bbox 450 3055 547 3110; x_wconf 84' lang='lat' dir='ltr'>Petrus</span> <span class='ocrx_word' id='word_1_246' title='bbox 577 3053 678 3110; x_wconf 81' lang='lat' dir='ltr'>(lentur</span> <span class='ocrx_word' id='word_1_247' title='bbox 703 3071 750 3110; x_wconf 83' lang='lat' dir='ltr'>ror</span> <span class='ocrx_word' id='word_1_248' title='bbox 777 3055 888 3125; x_wconf 76' lang='lat' dir='ltr'>Augen,</span> <span class='ocrx_word' id='word_1_249' title='bbox 917 3071 992 3110; x_wconf 81' lang='lat' dir='ltr'>nean</span> <span class='ocrx_word' id='word_1_250' title='bbox 1015 3073 1044 3111; x_wconf 88' lang='lat' dir='ltr'>er</span> <span class='ocrx_word' id='word_1_251' title='bbox 1066 3057 1103 3110; x_wconf 94' lang='lat' dir='ltr'>im</span> <span class='ocrx_word' id='word_1_252' title='bbox 1121 3073 1143 3112; x_wconf 88' lang='lat' dir='ltr'>o.</span> <span class='ocrx_word' id='word_1_253' title='bbox 1163 3056 1259 3113; x_wconf 81' lang='lat' dir='ltr'>xxm</span> <span class='ocrx_word' id='word_1_254' title='bbox 1276 3057 1430 3128; x_wconf 84' lang='lat' dir='ltr'>(Speculum</span> <span class='ocrx_word' id='word_1_255' title='bbox 1447 3058 1496 3110; x_wconf 92' lang='lat' dir='ltr'>iur.</span> <span class='ocrx_word' id='word_1_256' title='bbox 1591 3047 1592 3060; x_wconf 54' lang='lat'>¹</span> 
     </span>
     <span class='ocr_line' id='line_1_29' title="bbox 258 3140 1496 3214; baseline -0.002 -16"><span class='ocrx_word' id='word_1_257' title='bbox 258 3160 351 3198; x_wconf 79' lang='lat' dir='ltr'>ennom</span> <span class='ocrx_word' id='word_1_258' title='bbox 370 3141 411 3198; x_wconf 76' lang='lat' dir='ltr'>orb</span> <span class='ocrx_word' id='word_1_259' title='bbox 430 3142 571 3196; x_wconf 84' lang='lat' dir='ltr'>Reimarus</span> <span class='ocrx_word' id='word_1_260' title='bbox 590 3158 614 3212; x_wconf 93' lang='lat' dir='ltr'>p.</span> <span class='ocrx_word' id='word_1_261' title='bbox 631 3140 677 3210; x_wconf 84' lang='lat' dir='ltr'>bl)</span> <span class='ocrx_word' id='word_1_262' title='bbox 697 3143 777 3212; x_wconf 75' lang='lat' dir='ltr'>negt:</span> <span class='ocrx_word' id='word_1_263' title='bbox 803 3142 911 3197; x_wconf 77' lang='lat' dir='ltr'>»Instar</span> <span class='ocrx_word' id='word_1_264' title='bbox 937 3145 980 3197; x_wconf 87' lang='lat' dir='ltr'>est</span> <span class='ocrx_word' id='word_1_265' title='bbox 1004 3143 1088 3198; x_wconf 86' lang='lat' dir='ltr'>etiam</span> <span class='ocrx_word' id='word_1_266' title='bbox 1112 3143 1248 3214; x_wconf 80' lang='lat' dir='ltr'>snorssegii</span> <span class='ocrx_word' id='word_1_267' title='bbox 1267 3144 1300 3200; x_wconf 85' lang='lat' dir='ltr'>de</span> <span class='ocrx_word' id='word_1_268' title='bbox 1318 3144 1390 3202; x_wconf 79' lang='lat' dir='ltr'>laeto</span> <span class='ocrx_word' id='word_1_269' title='bbox 1406 3145 1447 3198; x_wconf 81' lang='lat' dir='ltr'>vel</span> <span class='ocrx_word' id='word_1_270' title='bbox 1463 3143 1496 3197; x_wconf 83' lang='lat' dir='ltr'>(le</span> 
     </span>
     <span class='ocr_line' id='line_1_30' title="bbox 258 3227 758 3298; baseline -0.014 -14"><span class='ocrx_word' id='word_1_271' title='bbox 258 3228 357 3284; x_wconf 78' lang='lat' dir='ltr'>iudicio</span> <span class='ocrx_word' id='word_1_272' title='bbox 376 3269 383 3284; x_wconf 91' lang='lat'>.</span> <span class='ocrx_word' id='word_1_273' title='bbox 402 3269 408 3283; x_wconf 93' lang='lat'>.</span> <span class='ocrx_word' id='word_1_274' title='bbox 428 3229 574 3298; x_wconf 83' lang='lat' dir='ltr'>apostolico</span> <span class='ocrx_word' id='word_1_275' title='bbox 594 3227 758 3296; x_wconf 78' lang='lat' dir='ltr'>disputare«</span> 
     </span>
    </p>

    <p class='ocr_par' dir='ltr' id='par_1_9' title="bbox 256 3313 1493 4152">
     <span class='ocr_line' id='line_1_31' title="bbox 360 3313 1493 3387; baseline -0.001 -17"><span class='ocrx_word' id='word_1_276' title='bbox 360 3313 406 3384; x_wconf 78' lang='lat'>42)</span> <span class='ocrx_word' id='word_1_277' title='bbox 425 3313 491 3369; x_wconf 87' lang='lat' dir='ltr'>Hier</span> <span class='ocrx_word' id='word_1_278' title='bbox 508 3313 636 3369; x_wconf 84' lang='lat' dir='ltr'>bedentet</span> <span class='ocrx_word' id='word_1_279' title='bbox 655 3313 755 3368; x_wconf 85' lang='lat' dir='ltr'>Votum</span> <span class='ocrx_word' id='word_1_280' title='bbox 773 3314 909 3382; x_wconf 82' lang='lat' dir='ltr'>privatum</span> <span class='ocrx_word' id='word_1_281' title='bbox 927 3313 1026 3370; x_wconf 86' lang='lat' dir='ltr'>einmel</span> <span class='ocrx_word' id='word_1_282' title='bbox 1045 3314 1096 3369; x_wconf 88' lang='lat' dir='ltr'>den</span> <span class='ocrx_word' id='word_1_283' title='bbox 1115 3315 1269 3387; x_wconf 76' lang='lat' dir='ltr'>Gegenseta</span> <span class='ocrx_word' id='word_1_284' title='bbox 1282 3317 1329 3371; x_wconf 83' lang='lat' dir='ltr'>des</span> <span class='ocrx_word' id='word_1_285' title='bbox 1345 3317 1441 3372; x_wconf 88' lang='lat' dir='ltr'>Votum</span> <span class='ocrx_word' id='word_1_286' title='bbox 1452 3333 1493 3369; x_wconf 83' lang='lat' dir='ltr'>eo·</span> 
     </span>
     <span class='ocr_line' id='line_1_32' title="bbox 256 3399 1491 3474; baseline -0.004 -15"><span class='ocrx_word' id='word_1_287' title='bbox 256 3402 348 3468; x_wconf 85' lang='lat' dir='ltr'>leuno,</span> <span class='ocrx_word' id='word_1_288' title='bbox 373 3401 422 3458; x_wconf 84' lang='lat' dir='ltr'>(las</span> <span class='ocrx_word' id='word_1_289' title='bbox 445 3401 543 3457; x_wconf 80' lang='lat' dir='ltr'>andere</span> <span class='ocrx_word' id='word_1_290' title='bbox 568 3399 625 3456; x_wconf 83' lang='lat' dir='ltr'>Mal</span> <span class='ocrx_word' id='word_1_291' title='bbox 652 3400 703 3455; x_wconf 88' lang='lat' dir='ltr'>den</span> <span class='ocrx_word' id='word_1_292' title='bbox 725 3399 878 3470; x_wconf 76' lang='lat' dir='ltr'>Gegeneata</span> <span class='ocrx_word' id='word_1_293' title='bbox 903 3399 949 3456; x_wconf 86' lang='lat' dir='ltr'>dee</span> <span class='ocrx_word' id='word_1_294' title='bbox 968 3401 1067 3456; x_wconf 88' lang='lat' dir='ltr'>Votum</span> <span class='ocrx_word' id='word_1_295' title='bbox 1095 3402 1275 3458; x_wconf 82' lang='lat' dir='ltr'>manifestum.</span> <span class='ocrx_word' id='word_1_296' title='bbox 1313 3403 1404 3474; x_wconf 78' lang='lat' dir='ltr'>Vergl.</span> <span class='ocrx_word' id='word_1_297' title='bbox 1421 3404 1491 3457; x_wconf 74' lang='lat' dir='ltr'>hiesu</span> 
     </span>
     <span class='ocr_line' id='line_1_33' title="bbox 258 3487 1490 3560; baseline -0.005 -14"><span class='ocrx_word' id='word_1_298' title='bbox 258 3491 429 3554; x_wconf 77' lang='lat' dir='ltr'>Belemina,</span> <span class='ocrx_word' id='word_1_299' title='bbox 448 3488 558 3543; x_wconf 82' lang='lat' dir='ltr'>Summa</span> <span class='ocrx_word' id='word_1_300' title='bbox 575 3487 646 3543; x_wconf 74' lang='lat' dir='ltr'>odiel.</span> <span class='ocrx_word' id='word_1_301' title='bbox 664 3487 771 3542; x_wconf 79' lang='lat' dir='ltr'>Thaner</span> <span class='ocrx_word' id='word_1_302' title='bbox 788 3504 814 3555; x_wconf 91' lang='lat' dir='ltr'>p.</span> <span class='ocrx_word' id='word_1_303' title='bbox 832 3487 879 3542; x_wconf 80' lang='lat' dir='ltr'>ll&#39;l</span> <span class='ocrx_word' id='word_1_304' title='bbox 899 3487 917 3541; x_wconf 82' lang='lat' dir='ltr'>f.</span> <span class='ocrx_word' id='word_1_305' title='bbox 935 3487 991 3542; x_wconf 88' lang='lat' dir='ltr'>und</span> <span class='ocrx_word' id='word_1_306' title='bbox 1010 3487 1104 3543; x_wconf 85' lang='lat' dir='ltr'>desaen</span> <span class='ocrx_word' id='word_1_307' title='bbox 1124 3487 1284 3554; x_wconf 81' lang='lat' dir='ltr'>Sentenaen,</span> <span class='ocrx_word' id='word_1_308' title='bbox 1304 3487 1490 3560; x_wconf 76' lang='lat' dir='ltr'>herauegogeb.</span> 
     </span>
     <span class='ocr_line' id='line_1_34' title="bbox 258 3573 1490 3644; baseline 0.002 -16"><span class='ocrx_word' id='word_1_309' title='bbox 258 3592 310 3630; x_wconf 85' lang='lat' dir='ltr'>von</span> <span class='ocrx_word' id='word_1_310' title='bbox 328 3575 417 3641; x_wconf 82' lang='lat' dir='ltr'>Gietl,</span> <span class='ocrx_word' id='word_1_311' title='bbox 441 3574 531 3630; x_wconf 81' lang='lat' dir='ltr'>Freib.</span> <span class='ocrx_word' id='word_1_312' title='bbox 548 3574 566 3629; x_wconf 91' lang='lat' dir='ltr'>i.</span> <span class='ocrx_word' id='word_1_313' title='bbox 586 3574 631 3628; x_wconf 88' lang='lat' dir='ltr'>Br.</span> <span class='ocrx_word' id='word_1_314' title='bbox 651 3574 731 3638; x_wconf 80' lang='lat'>1891,</span> <span class='ocrx_word' id='word_1_315' title='bbox 755 3591 779 3644; x_wconf 90' lang='lat' dir='ltr'>p.</span> <span class='ocrx_word' id='word_1_316' title='bbox 798 3573 857 3629; x_wconf 77' lang='grc'><strong>278.</strong></span> <span class='ocrx_word' id='word_1_317' title='bbox 889 3574 994 3629; x_wconf 82' lang='lat' dir='ltr'>Roland</span> <span class='ocrx_word' id='word_1_318' title='bbox 1013 3574 1078 3630; x_wconf 88' lang='lat' dir='ltr'>hebt</span> <span class='ocrx_word' id='word_1_319' title='bbox 1097 3575 1286 3632; x_wconf 80' lang='lat' dir='ltr'>ausdruoklioh</span> <span class='ocrx_word' id='word_1_320' title='bbox 1303 3577 1409 3636; x_wconf 80' lang='lat' dir='ltr'>hemor.</span> <span class='ocrx_word' id='word_1_321' title='bbox 1433 3575 1490 3630; x_wconf 65' lang='lat' dir='ltr'>ders</span> 
     </span>
     <span class='ocr_line' id='line_1_35' title="bbox 257 3659 1490 3728; baseline -0.004 -10"><span class='ocrx_word' id='word_1_322' title='bbox 257 3662 358 3718; x_wconf 81' lang='lat' dir='ltr'>sowohl</span> <span class='ocrx_word' id='word_1_323' title='bbox 379 3661 428 3720; x_wconf 80' lang='lat' dir='ltr'>(las</span> <span class='ocrx_word' id='word_1_324' title='bbox 450 3661 549 3716; x_wconf 87' lang='lat' dir='ltr'>Votum</span> <span class='ocrx_word' id='word_1_325' title='bbox 566 3661 674 3715; x_wconf 89' lang='lat' dir='ltr'>solenne</span> <span class='ocrx_word' id='word_1_326' title='bbox 692 3662 733 3715; x_wconf 86' lang='lat' dir='ltr'>als</span> <span class='ocrx_word' id='word_1_327' title='bbox 752 3659 800 3714; x_wconf 85' lang='lat' dir='ltr'>des</span> <span class='ocrx_word' id='word_1_328' title='bbox 819 3659 917 3715; x_wconf 88' lang='lat' dir='ltr'>Votum</span> <span class='ocrx_word' id='word_1_329' title='bbox 936 3661 1071 3728; x_wconf 81' lang='lat' dir='ltr'>privatum</span> <span class='ocrx_word' id='word_1_330' title='bbox 1089 3662 1225 3718; x_wconf 83' lang='lat' dir='ltr'>entweder</span> <span class='ocrx_word' id='word_1_331' title='bbox 1243 3681 1267 3717; x_wconf 83' lang='lat' dir='ltr'>v.</span> <span class='ocrx_word' id='word_1_332' title='bbox 1285 3663 1416 3718; x_wconf 84' lang='lat' dir='ltr'>oecultum</span> <span class='ocrx_word' id='word_1_333' title='bbox 1432 3659 1490 3715; x_wconf 88' lang='lat' dir='ltr'>oder</span> 
     </span>
     <span class='ocr_line' id='line_1_36' title="bbox 258 3745 1486 3818; baseline -0.004 -15"><span class='ocrx_word' id='word_1_334' title='bbox 258 3745 432 3804; x_wconf 70' lang='lat' dir='ltr'>manifestum</span> <span class='ocrx_word' id='word_1_335' title='bbox 453 3748 511 3803; x_wconf 85' lang='lat' dir='ltr'>sein</span> <span class='ocrx_word' id='word_1_336' title='bbox 530 3749 611 3802; x_wconf 82' lang='lat' dir='ltr'>kann.</span> <span class='ocrx_word' id='word_1_337' title='bbox 647 3746 793 3817; x_wconf 79' lang='lat' dir='ltr'>Beallglieh</span> <span class='ocrx_word' id='word_1_338' title='bbox 817 3745 865 3800; x_wconf 87' lang='lat' dir='ltr'>der</span> <span class='ocrx_word' id='word_1_339' title='bbox 883 3745 1051 3817; x_wconf 78' lang='lat' dir='ltr'>Wirkungeu</span> <span class='ocrx_word' id='word_1_340' title='bbox 1077 3747 1123 3803; x_wconf 87' lang='lat' dir='ltr'>des</span> <span class='ocrx_word' id='word_1_341' title='bbox 1148 3747 1247 3803; x_wconf 83' lang='lat' dir='ltr'>Votum</span> <span class='ocrx_word' id='word_1_342' title='bbox 1272 3748 1381 3804; x_wconf 84' lang='lat' dir='ltr'>beeteht</span> <span class='ocrx_word' id='word_1_343' title='bbox 1400 3745 1486 3818; x_wconf 84' lang='lat' dir='ltr'>jedoeh</span> 
     </span>
     <span class='ocr_line' id='line_1_37' title="bbox 257 3831 1488 3905; baseline -0.003 -15"><span class='ocrx_word' id='word_1_344' title='bbox 257 3835 335 3890; x_wconf 82' lang='lat' dir='ltr'>keine</span> <span class='ocrx_word' id='word_1_345' title='bbox 359 3831 736 3905; x_wconf 78' lang='lat' dir='ltr'>Meinnngsversohiedeuheit</span> <span class='ocrx_word' id='word_1_346' title='bbox 758 3831 889 3887; x_wconf 80' lang='lat' dir='ltr'>anisohen</span> <span class='ocrx_word' id='word_1_347' title='bbox 916 3832 976 3888; x_wconf 88' lang='lat' dir='ltr'>dem</span> <span class='ocrx_word' id='word_1_348' title='bbox 1004 3833 1075 3888; x_wconf 84' lang='lat' dir='ltr'>Veri.</span> <span class='ocrx_word' id='word_1_349' title='bbox 1100 3851 1209 3890; x_wconf 84' lang='lat' dir='ltr'>nnserer</span> <span class='ocrx_word' id='word_1_350' title='bbox 1235 3835 1344 3891; x_wconf 84' lang='lat' dir='ltr'>Summe</span> <span class='ocrx_word' id='word_1_351' title='bbox 1372 3833 1422 3890; x_wconf 89' lang='lat' dir='ltr'>und</span> <span class='ocrx_word' id='word_1_352' title='bbox 1446 3833 1488 3886; x_wconf 78' lang='lat' dir='ltr'>uer</span> 
     </span>
     <span class='ocr_line' id='line_1_38' title="bbox 257 3916 1485 3990; baseline -0.005 -14"><span class='ocrx_word' id='word_1_353' title='bbox 257 3921 455 3976; x_wconf 86' lang='lat' dir='ltr'>herrsehenden</span> <span class='ocrx_word' id='word_1_354' title='bbox 471 3919 556 3975; x_wconf 87' lang='lat' dir='ltr'>Lehre</span> <span class='ocrx_word' id='word_1_355' title='bbox 576 3921 623 3976; x_wconf 83' lang='lat' dir='ltr'>der</span> <span class='ocrx_word' id='word_1_356' title='bbox 642 3919 739 3974; x_wconf 85' lang='lat' dir='ltr'>Sohule</span> <span class='ocrx_word' id='word_1_357' title='bbox 756 3920 808 3974; x_wconf 89' lang='lat' dir='ltr'>seit</span> <span class='ocrx_word' id='word_1_358' title='bbox 827 3918 965 3974; x_wconf 83' lang='lat' dir='ltr'>Rolandus</span> <span class='ocrx_word' id='word_1_359' title='bbox 982 3916 1485 3990; x_wconf 62' lang='grc' dir='ltr'><strong>(1311111111.1’νείεεπ.(11111.1.</strong></span> 
     </span>
     <span class='ocr_line' id='line_1_39' title="bbox 257 4005 1486 4076; baseline -0.003 -12"><span class='ocrx_word' id='word_1_360' title='bbox 257 4025 315 4064; x_wconf 85' lang='lat' dir='ltr'>ean.</span> <span class='ocrx_word' id='word_1_361' title='bbox 329 4007 476 4063; x_wconf 84' lang='lat' dir='ltr'>Ehereohts</span> <span class='ocrx_word' id='word_1_362' title='bbox 491 4007 518 4062; x_wconf 76' lang='lat'>8.</span> <span class='ocrx_word' id='word_1_363' title='bbox 531 4007 582 4062; x_wconf 87' lang='grc'>699</span> <span class='ocrx_word' id='word_1_364' title='bbox 596 4006 640 4076; x_wconf 82' lang='lat' dir='ltr'>i.);</span> <span class='ocrx_word' id='word_1_365' title='bbox 659 4006 727 4060; x_wconf 83' lang='lat' dir='ltr'>auch</span> <span class='ocrx_word' id='word_1_366' title='bbox 746 4005 814 4062; x_wconf 84' lang='lat' dir='ltr'>nauh</span> <span class='ocrx_word' id='word_1_367' title='bbox 834 4005 881 4060; x_wconf 88' lang='lat' dir='ltr'>der</span> <span class='ocrx_word' id='word_1_368' title='bbox 898 4005 1027 4076; x_wconf 77' lang='lat' dir='ltr'>hieinuug</span> <span class='ocrx_word' id='word_1_369' title='bbox 1046 4007 1091 4062; x_wconf 84' lang='lat' dir='ltr'>des</span> <span class='ocrx_word' id='word_1_370' title='bbox 1111 4011 1229 4064; x_wconf 85' lang='lat' dir='ltr'>ersteren</span> <span class='ocrx_word' id='word_1_371' title='bbox 1248 4009 1318 4063; x_wconf 79' lang='lat' dir='ltr'>kann</span> <span class='ocrx_word' id='word_1_372' title='bbox 1338 4011 1427 4064; x_wconf 84' lang='lat' dir='ltr'>immet</span> <span class='ocrx_word' id='word_1_373' title='bbox 1441 4021 1486 4060; x_wconf 85' lang='lat' dir='ltr'>nur</span> 
     </span>
     <span class='ocr_line' id='line_1_40' title="bbox 258 4085 1485 4152; baseline -0.007 0"><span class='ocrx_word' id='word_1_374' title='bbox 258 4097 306 4152; x_wconf 86' lang='lat' dir='ltr'>das</span> <span class='ocrx_word' id='word_1_375' title='bbox 321 4085 419 4152; x_wconf 82' lang='lat' dir='ltr'>Votum</span> <span class='ocrx_word' id='word_1_376' title='bbox 437 4094 547 4151; x_wconf 84' lang='lat' dir='ltr'>solenne</span> <span class='ocrx_word' id='word_1_377' title='bbox 563 4095 606 4152; x_wconf 90' lang='lat' dir='ltr'>ein</span> <span class='ocrx_word' id='word_1_378' title='bbox 622 4095 784 4150; x_wconf 72' lang='lat' dir='ltr'>heunendee</span> <span class='ocrx_word' id='word_1_379' title='bbox 801 4093 998 4151; x_wconf 80' lang='lat' dir='ltr'>Ehehindernis</span> <span class='ocrx_word' id='word_1_380' title='bbox 1014 4096 1079 4150; x_wconf 87' lang='lat' dir='ltr'>sein.</span> <span class='ocrx_word' id='word_1_381' title='bbox 1118 4097 1144 4150; x_wconf 90' lang='lat' dir='ltr'>S.</span> <span class='ocrx_word' id='word_1_382' title='bbox 1163 4099 1247 4152; x_wconf 86' lang='lat' dir='ltr'>uuten</span> <span class='ocrx_word' id='word_1_383' title='bbox 1266 4097 1310 4152; x_wconf 87' lang='lat' dir='ltr'>die</span> <span class='ocrx_word' id='word_1_384' title='bbox 1329 4095 1426 4152; x_wconf 85' lang='lat' dir='ltr'>Stelleu</span> <span class='ocrx_word' id='word_1_385' title='bbox 1441 4107 1485 4146; x_wconf 81' lang='lat' dir='ltr'>ans</span> 
     </span>
    </p>

    <p class='ocr_par' dir='ltr' id='par_1_10' title="bbox 146 4179 570 4250">
     <span class='ocr_line' id='line_1_41' title="bbox 146 4179 570 4250; baseline -0.007 -12"><span class='ocrx_word' id='word_1_386' title='bbox 146 4193 150 4200; x_wconf 88' lang='grc'><strong>’</strong></span> <span class='ocrx_word' id='word_1_387' title='bbox 258 4179 345 4238; x_wconf 62' lang='lat' dir='ltr'>Quae</span> <span class='ocrx_word' id='word_1_388' title='bbox 363 4179 481 4236; x_wconf 80' lang='lat' dir='ltr'>XXVII.</span> <span class='ocrx_word' id='word_1_389' title='bbox 500 4182 531 4250; x_wconf 80' lang='lat' dir='ltr'>Q.</span> <span class='ocrx_word' id='word_1_390' title='bbox 548 4181 570 4237; x_wconf 90' lang='lat'>1.</span> 
     </span>
    </p>

    <p class='ocr_par' dir='ltr' id='par_1_11' title="bbox 361 4267 589 4339">
     <span class='ocr_line' id='line_1_42' title="bbox 361 4267 589 4339; baseline 0.013 -18"><span class='ocrx_word' id='word_1_391' title='bbox 361 4267 406 4336; x_wconf 80' lang='lat'>43)</span> <span class='ocrx_word' id='word_1_392' title='bbox 422 4267 501 4324; x_wconf 62' lang='lat' dir='ltr'>Cede</span> <span class='ocrx_word' id='word_1_393' title='bbox 521 4285 589 4339; x_wconf 82' lang='lat' dir='ltr'>eque</span> 
     </span>
    </p>

    <p class='ocr_par' dir='ltr' id='par_1_12' title="bbox 360 4351 824 4424">
     <span class='ocr_line' id='line_1_43' title="bbox 360 4351 824 4424; baseline 0.004 -16"><span class='ocrx_word' id='word_1_394' title='bbox 360 4352 406 4422; x_wconf 77' lang='lat'>44)</span> <span class='ocrx_word' id='word_1_395' title='bbox 425 4351 503 4410; x_wconf 58' lang='lat' dir='ltr'>Coele</span> <span class='ocrx_word' id='word_1_396' title='bbox 520 4355 626 4423; x_wconf 86' lang='lat' dir='ltr'>prohib.</span> <span class='ocrx_word' id='word_1_397' title='bbox 645 4354 742 4410; x_wconf 84' lang='lat' dir='ltr'>interd.</span> <span class='ocrx_word' id='word_1_398' title='bbox 762 4359 824 4424; x_wconf 83' lang='lat' dir='ltr'>post</span> 
     </span>
    </p>

    <p class='ocr_par' dir='ltr' id='par_1_13' title="bbox 258 4439 1479 4597">
     <span class='ocr_line' id='line_1_44' title="bbox 360 4439 1476 4512; baseline -0.001 -19"><span class='ocrx_word' id='word_1_399' title='bbox 360 4439 405 4507; x_wconf 75' lang='lat'>45)</span> <span class='ocrx_word' id='word_1_400' title='bbox 424 4439 466 4494; x_wconf 87' lang='lat' dir='ltr'>lm</span> <span class='ocrx_word' id='word_1_401' title='bbox 484 4439 567 4496; x_wconf 75' lang='lat' dir='ltr'>&#39;Pente</span> <span class='ocrx_word' id='word_1_402' title='bbox 586 4441 732 4498; x_wconf 80' lang='lat' dir='ltr'>Schulte’s</span> <span class='ocrx_word' id='word_1_403' title='bbox 756 4441 794 4510; x_wconf 85' lang='lat' dir='ltr'>(S.</span> <span class='ocrx_word' id='word_1_404' title='bbox 810 4439 874 4510; x_wconf 74' lang='lat'>410)</span> <span class='ocrx_word' id='word_1_405' title='bbox 902 4441 971 4496; x_wconf 87' lang='lat' dir='ltr'>ieblt</span> <span class='ocrx_word' id='word_1_406' title='bbox 999 4441 1083 4497; x_wconf 83' lang='lat' dir='ltr'>dieses</span> <span class='ocrx_word' id='word_1_407' title='bbox 1110 4443 1207 4512; x_wconf 78' lang='lat' dir='ltr'>genias</span> <span class='ocrx_word' id='word_1_408' title='bbox 1231 4445 1309 4499; x_wconf 87' lang='lat' dir='ltr'>nieht</span> <span class='ocrx_word' id='word_1_409' title='bbox 1333 4439 1476 4499; x_wconf 77' lang='lat' dir='ltr'>irrelevante</span> 
     </span>
     <span class='ocr_line' id='line_1_45' title="bbox 258 4521 1479 4597; baseline 0 -19"><span class='ocrx_word' id='word_1_410' title='bbox 258 4522 343 4587; x_wconf 74' lang='lat' dir='ltr'>went,</span> <span class='ocrx_word' id='word_1_411' title='bbox 363 4524 475 4579; x_wconf 80' lang='lat' dir='ltr'>welches</span> <span class='ocrx_word' id='word_1_412' title='bbox 493 4526 535 4580; x_wconf 89' lang='lat' dir='ltr'>ioh</span> <span class='ocrx_word' id='word_1_413' title='bbox 554 4543 602 4581; x_wconf 82' lang='lat' dir='ltr'>ens</span> <span class='ocrx_word' id='word_1_414' title='bbox 616 4526 698 4581; x_wconf 82' lang='lat' dir='ltr'>Codd.</span> <span class='ocrx_word' id='word_1_415' title='bbox 711 4527 829 4582; x_wconf 81' lang='lat' dir='ltr'>Mouliue</span> <span class='ocrx_word' id='word_1_416' title='bbox 841 4527 896 4582; x_wconf 83' lang='lat' dir='ltr'>nuel</span> <span class='ocrx_word' id='word_1_417' title='bbox 908 4527 1002 4597; x_wconf 77' lang='lat' dir='ltr'>Alenp.</span> <span class='ocrx_word' id='word_1_418' title='bbox 1016 4529 1128 4582; x_wconf 85' lang='lat' dir='ltr'>meinem</span> <span class='ocrx_word' id='word_1_419' title='bbox 1144 4530 1227 4585; x_wconf 81' lang='lat' dir='ltr'>Texta</span> <span class='ocrx_word' id='word_1_420' title='bbox 1240 4531 1414 4586; x_wconf 82' lang='lat' dir='ltr'>einrerleihte.</span> <span class='ocrx_word' id='word_1_421' title='bbox 1434 4521 1479 4578; x_wconf 81' lang='lat' dir='ltr'>nit</span> 
     </span>
    </p>
   </div>
   <div class='ocr_carea' id='block_1_4' title="bbox 0 0 1614 4902">
    <p class='ocr_par' dir='ltr' id='par_1_14' title="bbox 0 0 1614 4902">
     <span class='ocr_line' id='line_1_46' title="bbox 0 0 1614 4902; baseline 0 0"><span class='ocrx_word' id='word_1_422' title='bbox 0 0 1614 4902; x_wconf 95' lang='lat' dir='ltr'> </span> 
     </span>
    </p>
   </div>
  </div>
 </body>
</html>
