3168 4898
231 129 296 198 354
435 149 533 209 Brenn
552 149 665 210 Leonte
687 153 718 209 P.
731 153 761 211 P.
781 151 866 210 XIII.
885 155 935 212 dte
952 153 979 210 9.
1002 152 1176 212 Deccmbrta
1196 152 1274 210 1892

233 321 380 389 festorum
404 325 513 402 ordini,
537 345 628 411 quern
651 325 803 394 Nridarico
819 325 974 394 Gulielmo
990 327 1047 394 lIl.
1067 328 1152 413 Rege
1170 329 1337 394 Bornesico
1353 327 1480 410 auspice

232 429 398 495 earundem
433 429 616 496 dioecesium
652 429 807 516 praesules
841 450 920 498 anno
960 432 1039 498 1829
1077 432 1334 517 promulgarunt,
1371 431 1481 496 leriam

232 537 375 620 quartam
399 535 510 601 tertiae
533 536 602 619 post
626 536 745 601 Pascha
768 535 977 603 hebdomadas
1000 539 1158 620 tamquam
1184 536 1297 602 testum
1323 536 1413 600 diem
1430 553 1484 617 pro

233 638 421 705 solemnibus
446 637 508 705 Deo
530 638 804 724 supplicationibus
835 639 874 705 ad
904 640 1012 705 uberes
1043 659 1077 705 ex
1106 639 1190 725 agris
1222 643 1397 723 prouentus
1429 639 1484 703 ob·

234 742 375 810 tinendoe
397 743 592 811 inseruerim.
629 741 709 809 Huic
732 745 835 810 autem
860 743 954 809 leriae
977 745 1105 829 quartae
1119 743 1263 828 deinceps
1283 742 1486 809 sollemniter

234 845 434 913 celebrandae
465 848 496 912 in
526 847 657 933 singulis
688 847 795 914 iisdem
819 848 1009 914 dioecesibus
1034 849 1145 914 laetum
1173 848 1296 931 aliquod
1322 846 1484 923 addixere,

234 971 343 1036 nempe
366 953 389 1018 l.
414 971 468 1036 pro
491 951 707 1018 aratridioecesi
728 951 899 1019 Coloniensi
916 952 1125 1017 Patrocinium
1142 951 1173 1019 S.
1190 953 1333 1036 Iesspbi;
1359 951 1406 1017 ΙΙ.
1434 970 1487 1034 pro

234 1055 364 1123 dioecesi
387 1057 560 1122 Treuireusi
583 1056 696 1122 laetum
721 1057 855 1123 Tunicae
885 1060 917 1123 et
948 1057 1086 1122 hencaae
1112 1056 1235 1122 Domini
1265 1056 1379 1122 Nostri
1414 1055 1487 1120 lesu

235 1161 371 1239 Christi3
403 1161 460 1227 lli.
484 1181 537 1246 pro
560 1161 691 1227 dioecesi
714 1161 947 1228 Nonasteriansi
970 1161 1083 1228 testum
1106 1160 1137 1228 S.
1162 1161 1313 1246 hudgeri;
1348 1161 1407 1226 lv.
1434 1179 1488 1242 pro

234 1265 366 1332 dioecesi
404 1266 647 1332 Paderbornenei
682 1266 795 1332 testum
832 1266 863 1332 S.
903 1265 1038 1340 hiberii:
1082 1267 1118 1334 V.
1161 1284 1214 1348 pro
1255 1265 1486 1330 archidioecesi

236 1371 406 1436 Gneenensi
440 1373 472 1436 et
504 1369 704 1437 Poenanienei
738 1369 850 1436 testum
882 1368 912 1436 S.
949 1369 1130 1447 Adalberti3
1171 1369 1222 1434 vl.
1255 1389 1309 1452 pro
1346 1368 1488 1434 dioecesi

238 1473 395 1542 Culmsnsi
420 1474 531 1541 testum
556 1475 631 1540 item
654 1473 685 1541 S.
702 1473 883 1551 ddalberti3
909 1473 975 1538 vll.
999 1493 1053 1557 pro
1075 1473 1205 1540 dioecesi
1226 1471 1487 1538 Wratislavieusi

236 1577 448 1644 Patrocinium
472 1576 502 1646 S.
527 1575 665 1661 losephi;
690 1576 778 1643 VIII.
802 1595 856 1660 pro
879 1576 1008 1642 dioecesi
1025 1576 1155 1660 denique
1175 1575 1347 1640 Varmianei
1364 1576 1486 1640 testum

237 1681 267 1747 S.
289 1681 459 1747 Adalherti.
506 1681 620 1748 Verum
644 1699 715 1747 cum
739 1681 969 1764 inpraesentia
1000 1679 1219 1746 Sereniasimue
1245 1679 1488 1762 Imperatores

238 1785 302 1850 lter
323 1785 495 1852 Guilelmus
520 1785 558 1852 ll.
583 1784 747 1850 admodum
764 1785 878 1870 cupiat,
901 1787 936 1849 ut
951 1784 1053 1850 dictus
1069 1783 1276 1869 poenitentiae
1292 1800 1487 1866 precumque

237 1887 302 1954 dies
327 1889 441 1954 »Base
464 1889 525 1954 und
549 1889 681 1973 Rettagr
708 1888 800 1974 uulgo
823 1888 1016 1972 appellatus,
1039 1889 1093 1972 qui
1115 1888 1147 1953 in
1166 1887 1260 1952 uariis
1285 1887 1387 1970 Regni
1415 1905 1487 1968 par·

237 1994 322 2059 tibus
347 1993 440 2059 variis
463 1993 572 2058 diebus
595 1993 655 2058 buc
676 2011 772 2077 usque
796 1992 1027 2070 celebrabatur,
1058 2010 1119 2058 uno
1146 1991 1313 2075 eodemque
1335 2009 1392 2074 pro
1418 1991 1487 2055 totu

239 2098 346 2182 Regno
369 2097 418 2162 die
441 2097 471 2164 iu
496 2100 650 2180 posterum
675 2096 863 2177 celebratur,
895 2115 1004 2180 nempe
1035 2097 1112 2162 laria
1133 2097 1244 2180 quarta
1266 2092 1486 2160 hebdomadae

237 2203 310 2266 anui
333 2200 535 2268 ecclesiastici
559 2200 766 2284 penultimae,
797 2219 895 2285 neque
927 2219 1037 2286 graues
1058 2200 1197 2266 alliciant
1219 2198 1372 2274 rationes,
1407 2198 1486 2280 quin
1569 2286 1570 2289 Ἴ

238 2306 353 2390 optatis
378 2305 552 2372 buiusrnodi
574 2304 825 2385 obsecundemus,
850 2307 882 2371 et
903 2305 934 2369 in
958 2303 1147 2370 dioecesibus
1166 2301 1355 2387 eupradIctis
1371 2320 1388 2366 e
1405 2301 1487 2365 faria

238 2411 366 2494 quarta,
388 2409 500 2475 tertiae
523 2411 591 2493 poet
611 2408 730 2474 Pascha
754 2407 980 2484 hebdomadae,
1010 2407 1092 2473 idam
1115 2407 1228 2473 Issturn
1251 2405 1290 2472 ad
1308 2406 1425 2471 uberes
1451 2425 1485 2468 er

238 2513 322 2598 agnis
344 2514 524 2581 obtinendos
548 2513 665 2578 fruetus
687 2512 735 2579 rel
759 2512 861 2596 potins
883 2512 915 2577 in
935 2513 1106 2596 gratiarum
1131 2511 1282 2577 actionem
1299 2529 1353 2594 prn
1370 2508 1486 2574 fructi-

238 2616 296 2681 bus
326 2617 452 2683 iamiam
481 2615 650 2700 perceptis,
685 2616 868 2700 interposita
899 2617 1014 2682 Nostra
1048 2613 1235 2680 auctoritate
1269 2613 1299 2678 in
1332 2617 1484 2698 quartam

239 2719 448 2786 habdomadae
471 2721 544 2786 anni
566 2719 766 2786 ecelesiastici
789 2719 978 2803 penultimae
1001 2718 1110 2784 Ieriarn
1126 2717 1361 2794 transieramus,
1385 2717 1485 2786 immo

238 2826 464 2908 peropportuna
487 2823 584 2890 Nobis
609 2825 713 2891 eadern
738 2823 914 2890 immutatio
929 2823 995 2888 risa
1012 2823 1064 2900 sit,
1087 2822 1157 2888 binc
1172 2839 1251 2906 quae
1265 2821 1347 2886 intra
1363 2820 1484 2902 scripta

238 2931 311 2992 snut
331 2927 521 2994 decernanda
542 2929 574 2992 in
599 2931 753 3011 posterum
774 2925 1028 2992 existimavimus.
1062 2925 1218 2992 Nimirum
1242 2924 1321 2990 rotie
1340 2923 1483 2988 Serenia-

240 3031 311 3097 simi
334 3032 531 3116 imperatorin
554 3051 590 3098 ac
614 3033 706 3116 Regin
729 3031 878 3097 Guilelmi
902 3030 963 3110 ll,
992 3030 1045 3114 qni
1075 3030 1106 3095 iu
1137 3028 1313 3096 Catholicae
1334 3045 1411 3092 snae
1436 3025 1483 3089 di·

240 3135 315 3200 tioni
339 3137 481 3202 obnoxios
504 3139 536 3202 et
558 3155 737 3221 propensam
758 3136 841 3221 gerit
863 3135 1055 3201 voluntatem
1083 3135 1115 3197 st
1144 3150 1247 3198 eorum
1277 3130 1409 3196 utilitati
1432 3148 1484 3194 sa-

240 3239 335 3322 pienti
359 3239 486 3306 coneilio
508 3241 666 3324 prospicit,
696 3241 846 3323 quantum
878 3239 908 3303 in
933 3237 1063 3305 Dornino
1088 3253 1264 3320 possumne,
1298 3235 1482 3306 annuentes,

241 3343 421 3425 Apostolica
441 3343 556 3410 Nostra
579 3344 765 3411 auctoritate
788 3343 995 3427 praesentium
1020 3341 1049 3407 ui
1068 3359 1106 3407 ac
1128 3339 1166 3405 de
1190 3341 1276 3406 certa
1294 3336 1427 3404 seientia
1451 3339 1483 3401 et

240 3449 363 3514 matura
387 3447 607 3514 deliberatione
630 3447 772 3525 Nostris,
799 3447 941 3512 omnibns
963 3447 1006 3510 rei
1031 3445 1194 3510 momentis
1216 3445 1336 3509 attento
1359 3461 1396 3506 ac
1418 3441 1483 3506 eol·

240 3552 326 3616 licito
346 3551 449 3618 studio
472 3552 635 3635 perpensis,
660 3571 729 3618 cunr
756 3551 989 3618 venerabilibus
1015 3549 1175 3614 Fratribus
1203 3546 1325 3614 Nostris
1347 3545 1481 3614 Sanctae

242 3656 399 3721 Romanae
430 3655 586 3722 Ecclesiae
621 3655 836 3722 Cardinalibue
864 3672 1024 3738 supremae
1057 3643 1257 3736 inquisitioni
1286 3650 1480 3736 praeposItie,

243 3759 351 3825 leriam
380 3762 523 3843 quartam
556 3759 763 3827 hebdomadae
794 3759 904 3825 tertiae
935 3760 1005 3841 post
1031 3756 1152 3822 Pascha
1175 3757 1235 3820 huc
1256 3773 1352 3839 usque
1377 3755 1408 3819 in
1431 3773 1480 3819 ar-

241 3862 424 3930 chidioecesi
453 3865 509 3930 tua
539 3863 713 3930 Coloniensi
741 3866 774 3929 et
803 3863 834 3928 in
866 3861 937 3928 aliis
969 3879 1062 3944 supra
1087 3860 1267 3924 memoratis
1290 3857 1480 3924 dioecesibus

243 3967 417 4044 Treriren.,
461 3967 698 4046 hlouasterten.,
734 3965 976 4042 Pederboman.,
1015 3963 1168 4030 Gnesnen.
1209 3967 1242 4028 et
1285 3961 1479 4036 Poenanien,

243 4069 399 4148 eulmen,
425 4069 654 4137 wratislaviam
679 4089 715 4136 ae
738 4069 891 4136 Varmien.
916 4067 1025 4134 festiue
1048 4069 1079 4132 in
1103 4067 1167 4134 loro
1190 4065 1398 4144 celebratam,
1425 4085 1477 4130 ne·

242 4175 337 4260 gotiis
368 4174 578 4242 saecularibus
610 4172 793 4259 peragendis
826 4171 983 4240 reddimus
1016 4191 1054 4239 ac
1085 4171 1178 4239 festaw
1195 4189 1249 4256 pro
1279 4168 1414 4256 siugulis
1443 4169 1480 4234 iis

242 4278 432 4344 dioecesibus
454 4278 515 4343 huc
538 4295 633 4362 usque
656 4279 688 4343 in
714 4277 843 4345 eandem
871 4275 954 4343 diem
981 4277 1152 4354 translata,
1181 4276 1218 4341 ut
1248 4276 1313 4341 suis
1341 4291 1478 4358 quaeque

243 4381 319 4445 locis
342 4381 563 4457 restituantur,
590 4379 749 4446 edicimus.
795 4381 943 4448 Praetura
972 4379 1010 4445 ds
1038 4379 1233 4463 apostalicae
1262 4378 1396 4444 Nostrae
1425 4395 1476 4459 po-

243 4483 368 4548 testatis
389 4483 579 4565 plenitudine
601 4484 807 4566 praesentium
830 4485 905 4550 item
928 4483 956 4548 ui
987 4483 1096 4548 leriam
1125 4483 1268 4566 quartam
1291 4483 1478 4566 penultimae
