<?xml version="1.0" encoding="UTF-8"?>
<!DOCTYPE html PUBLIC "-//W3C//DTD XHTML 1.0 Transitional//EN"
    "http://www.w3.org/TR/xhtml1/DTD/xhtml1-transitional.dtd">
<html xmlns="http://www.w3.org/1999/xhtml" xml:lang="en" lang="en">
 <head>
  <title>
</title>
<meta http-equiv="Content-Type" content="text/html;charset=utf-8" />
  <meta name='ocr-system' content='tesseract 3.04.00' />
  <meta name='ocr-capabilities' content='ocr_page ocr_carea ocr_par ocr_line ocrx_word'/>
</head>
<body>
  <div class='ocr_page' id='page_1' title='image "./archivfrkatholi02unkngoog_0138.png"; bbox 0 0 3228 4908; ppageno 0'>
   <div class='ocr_carea' id='block_1_1' title="bbox 180 199 1382 285">
    <p class='ocr_par' dir='ltr' id='par_1_1' title="bbox 180 199 1382 285">
     <span class='ocr_line' id='line_1_1' title="bbox 180 199 1382 285; baseline 0.003 -19"><span class='ocrx_word' id='word_1_1' title='bbox 180 213 265 266; x_wconf 81' lang='lat' dir='ltr'><strong>circu</strong></span> <span class='ocrx_word' id='word_1_2' title='bbox 283 213 409 267; x_wconf 75' lang='lat' dir='ltr'><strong>cadmios.</strong></span> <span class='ocrx_word' id='word_1_3' title='bbox 427 213 547 266; x_wconf 77' lang='lat' dir='ltr'><strong>ulcmn.</strong></span> <span class='ocrx_word' id='word_1_4' title='bbox 565 228 602 267; x_wconf 67' lang='grc' dir='ltr'><strong>επ</strong></span> <span class='ocrx_word' id='word_1_5' title='bbox 621 213 722 268; x_wconf 76' lang='lat' dir='ltr'><strong>ordin.</strong></span> <span class='ocrx_word' id='word_1_6' title='bbox 741 217 771 267; x_wconf 83' lang='lat' dir='ltr'><strong>el</strong></span> <span class='ocrx_word' id='word_1_7' title='bbox 789 227 894 285; x_wconf 76' lang='lat' dir='ltr'><strong>conpr.</strong></span> <span class='ocrx_word' id='word_1_8' title='bbox 910 213 999 283; x_wconf 77' lang='lat' dir='ltr'><strong>relig.</strong></span> <span class='ocrx_word' id='word_1_9' title='bbox 1018 214 1060 269; x_wconf 83' lang='lat' dir='ltr'><strong>ad</strong></span> <span class='ocrx_word' id='word_1_10' title='bbox 1077 229 1157 270; x_wconf 83' lang='lat' dir='ltr'><strong>sacr.</strong></span> <span class='ocrx_word' id='word_1_11' title='bbox 1176 218 1278 270; x_wconf 81' lang='lat' dir='ltr'><strong>ordin.</strong></span> <span class='ocrx_word' id='word_1_12' title='bbox 1321 199 1382 264; x_wconf 77' lang='lat'><strong>133</strong></span> 
     </span>
    </p>
   </div>
   <div class='ocr_carea' id='block_1_2' title="bbox 137 401 1382 1425">
    <p class='ocr_par' dir='ltr' id='par_1_2' title="bbox 137 401 1382 1425">
     <span class='ocr_line' id='line_1_2' title="bbox 244 401 1382 487; baseline 0.008 -24"><span class='ocrx_word' id='word_1_13' title='bbox 244 401 278 468; x_wconf 90' lang='lat' dir='ltr'><strong>V.</strong></span> <span class='ocrx_word' id='word_1_14' title='bbox 312 401 370 482; x_wconf 80' lang='lat' dir='ltr'><strong>Qui</strong></span> <span class='ocrx_word' id='word_1_15' title='bbox 399 401 430 466; x_wconf 92' lang='lat' dir='ltr'><strong>in</strong></span> <span class='ocrx_word' id='word_1_16' title='bbox 461 401 563 468; x_wconf 83' lang='lat' dir='ltr'><strong>Sacris</strong></span> <span class='ocrx_word' id='word_1_17' title='bbox 588 402 754 467; x_wconf 83' lang='lat' dir='ltr'>Ordinibus</span> <span class='ocrx_word' id='word_1_18' title='bbox 778 402 939 468; x_wconf 91' lang='lat' dir='ltr'><strong>constituti</strong></span> <span class='ocrx_word' id='word_1_19' title='bbox 962 405 995 467; x_wconf 88' lang='lat' dir='ltr'><strong>et</strong></span> <span class='ocrx_word' id='word_1_20' title='bbox 1014 403 1094 470; x_wconf 88' lang='lat' dir='ltr'><strong>rotis</strong></span> <span class='ocrx_word' id='word_1_21' title='bbox 1116 403 1308 487; x_wconf 79' lang='lat' dir='ltr'><strong>simplicibus</strong></span> <span class='ocrx_word' id='word_1_22' title='bbox 1330 407 1382 471; x_wconf 93' lang='lat' dir='ltr'><strong>ob·</strong></span> 
     </span>
     <span class='ocr_line' id='line_1_3' title="bbox 138 505 1382 594; baseline 0.006 -25"><span class='ocrx_word' id='word_1_23' title='bbox 138 505 240 571; x_wconf 87' lang='lat' dir='ltr'><strong>stricti</strong></span> <span class='ocrx_word' id='word_1_24' title='bbox 263 507 326 571; x_wconf 90' lang='lat' dir='ltr'><strong>sire</strong></span> <span class='ocrx_word' id='word_1_25' title='bbox 349 507 511 590; x_wconf 85' lang='lat' dir='ltr'><strong>perpetuis.</strong></span> <span class='ocrx_word' id='word_1_26' title='bbox 535 506 599 570; x_wconf 84' lang='lat' dir='ltr'><strong>sive</strong></span> <span class='ocrx_word' id='word_1_27' title='bbox 624 507 858 589; x_wconf 80' lang='lat' dir='ltr'><strong>temporalibus,</strong></span> <span class='ocrx_word' id='word_1_28' title='bbox 882 511 990 590; x_wconf 87' lang='lat' dir='ltr'><strong>sponte</strong></span> <span class='ocrx_word' id='word_1_29' title='bbox 1010 507 1219 574; x_wconf 77' lang='lat' dir='ltr'><strong>dimissionem</strong></span> <span class='ocrx_word' id='word_1_30' title='bbox 1240 511 1279 575; x_wconf 93' lang='lat' dir='ltr'><strong>ab</strong></span> <span class='ocrx_word' id='word_1_31' title='bbox 1300 512 1382 594; x_wconf 86' lang='lat' dir='ltr'><strong>Apo·</strong></span> 
     </span>
     <span class='ocr_line' id='line_1_4' title="bbox 138 609 1382 698; baseline 0.005 -24"><span class='ocrx_word' id='word_1_32' title='bbox 138 609 250 676; x_wconf 90' lang='lat' dir='ltr'><strong>stolica</strong></span> <span class='ocrx_word' id='word_1_33' title='bbox 272 609 350 676; x_wconf 82' lang='lat' dir='ltr'><strong>Sede</strong></span> <span class='ocrx_word' id='word_1_34' title='bbox 372 610 517 694; x_wconf 88' lang='lat' dir='ltr'><strong>patierint</strong></span> <span class='ocrx_word' id='word_1_35' title='bbox 538 613 570 676; x_wconf 90' lang='lat' dir='ltr'><strong>et</strong></span> <span class='ocrx_word' id='word_1_36' title='bbox 585 610 784 686; x_wconf 73' lang='lat' dir='ltr'><strong>obtinuerint,</strong></span> <span class='ocrx_word' id='word_1_37' title='bbox 807 611 856 676; x_wconf 90' lang='lat' dir='ltr'><strong>rel</strong></span> <span class='ocrx_word' id='word_1_38' title='bbox 871 610 963 676; x_wconf 88' lang='lat' dir='ltr'><strong>aliter</strong></span> <span class='ocrx_word' id='word_1_39' title='bbox 978 631 1014 678; x_wconf 85' lang='lat' dir='ltr'><strong>ex</strong></span> <span class='ocrx_word' id='word_1_40' title='bbox 1029 611 1205 696; x_wconf 82' lang='lat' dir='ltr'><strong>Apostolico</strong></span> <span class='ocrx_word' id='word_1_41' title='bbox 1221 614 1382 698; x_wconf 81' lang='lat' dir='ltr'><strong>privilegio</strong></span> 
     </span>
     <span class='ocr_line' id='line_1_5' title="bbox 137 714 1379 801; baseline 0.006 -23"><span class='ocrx_word' id='word_1_42' title='bbox 137 714 260 780; x_wconf 87' lang='lat' dir='ltr'><strong>arctis</strong></span> <span class='ocrx_word' id='word_1_43' title='bbox 283 715 474 798; x_wconf 79' lang='lat' dir='ltr'><strong>simplicibus</strong></span> <span class='ocrx_word' id='word_1_44' title='bbox 501 716 549 781; x_wconf 88' lang='lat' dir='ltr'><strong>rel</strong></span> <span class='ocrx_word' id='word_1_45' title='bbox 579 716 732 798; x_wconf 88' lang='lat' dir='ltr'><strong>perpetuis</strong></span> <span class='ocrx_word' id='word_1_46' title='bbox 761 716 808 780; x_wconf 88' lang='lat' dir='ltr'><strong>rel</strong></span> <span class='ocrx_word' id='word_1_47' title='bbox 837 717 1042 798; x_wconf 83' lang='lat' dir='ltr'><strong>temporaneis</strong></span> <span class='ocrx_word' id='word_1_48' title='bbox 1065 716 1232 801; x_wconf 87' lang='lat' dir='ltr'><strong>dispensati</strong></span> <span class='ocrx_word' id='word_1_49' title='bbox 1256 718 1379 796; x_wconf 80' lang='lat' dir='ltr'><strong>ineunt,</strong></span> 
     </span>
     <span class='ocr_line' id='line_1_6' title="bbox 138 803 1380 905; baseline 0.002 -21"><span class='ocrx_word' id='word_1_50' title='bbox 138 837 173 884; x_wconf 86' lang='lat' dir='ltr'><strong>er</strong></span> <span class='ocrx_word' id='word_1_51' title='bbox 195 819 332 885; x_wconf 87' lang='lat' dir='ltr'><strong>claustro</strong></span> <span class='ocrx_word' id='word_1_52' title='bbox 355 803 560 897; x_wconf 73' lang='lat' dir='ltr'><strong>nuisement,</strong></span> <span class='ocrx_word' id='word_1_53' title='bbox 592 818 686 885; x_wconf 91' lang='lat' dir='ltr'><strong>donec</strong></span> <span class='ocrx_word' id='word_1_54' title='bbox 710 820 892 904; x_wconf 83' lang='lat' dir='ltr'><strong>llpiscopnm</strong></span> <span class='ocrx_word' id='word_1_55' title='bbox 916 819 1094 886; x_wconf 87' lang='lat' dir='ltr'><strong>benevolum</strong></span> <span class='ocrx_word' id='word_1_56' title='bbox 1119 826 1307 905; x_wconf 84' lang='lat' dir='ltr'><strong>receptorem</strong></span> <span class='ocrx_word' id='word_1_57' title='bbox 1332 823 1380 886; x_wconf 91' lang='lat' dir='ltr'><strong>in·</strong></span> 
     </span>
     <span class='ocr_line' id='line_1_7' title="bbox 138 923 1379 1010; baseline 0.002 -23"><span class='ocrx_word' id='word_1_58' title='bbox 138 923 286 1000; x_wconf 89' lang='lat' dir='ltr'><strong>venerint,</strong></span> <span class='ocrx_word' id='word_1_59' title='bbox 310 928 343 990; x_wconf 91' lang='lat' dir='ltr'><strong>ct</strong></span> <span class='ocrx_word' id='word_1_60' title='bbox 358 924 394 988; x_wconf 91' lang='lat' dir='ltr'><strong>dc</strong></span> <span class='ocrx_word' id='word_1_61' title='bbox 410 923 618 990; x_wconf 87' lang='lat' dir='ltr'><strong>ecclesiastico</strong></span> <span class='ocrx_word' id='word_1_62' title='bbox 637 924 820 1006; x_wconf 85' lang='lat' dir='ltr'><strong>patrimonio</strong></span> <span class='ocrx_word' id='word_1_63' title='bbox 837 925 897 989; x_wconf 92' lang='lat' dir='ltr'><strong>sibi</strong></span> <span class='ocrx_word' id='word_1_64' title='bbox 914 924 1111 1008; x_wconf 83' lang='lat' dir='ltr'><strong>providerint,</strong></span> <span class='ocrx_word' id='word_1_65' title='bbox 1135 944 1222 992; x_wconf 88' lang='lat' dir='ltr'><strong>secus</strong></span> <span class='ocrx_word' id='word_1_66' title='bbox 1238 926 1379 1010; x_wconf 87' lang='lat' dir='ltr'><strong>suspensi</strong></span> 
     </span>
     <span class='ocr_line' id='line_1_8' title="bbox 137 1028 1381 1115; baseline 0.003 -23"><span class='ocrx_word' id='word_1_67' title='bbox 137 1031 284 1094; x_wconf 89' lang='lat' dir='ltr'><strong>maneant</strong></span> <span class='ocrx_word' id='word_1_68' title='bbox 307 1029 345 1093; x_wconf 92' lang='lat' dir='ltr'><strong>ab</strong></span> <span class='ocrx_word' id='word_1_69' title='bbox 368 1028 512 1094; x_wconf 86' lang='lat' dir='ltr'><strong>exercitio</strong></span> <span class='ocrx_word' id='word_1_70' title='bbox 535 1031 745 1111; x_wconf 89' lang='lat' dir='ltr'><strong>susceptorum</strong></span> <span class='ocrx_word' id='word_1_71' title='bbox 771 1028 931 1096; x_wconf 82' lang='lat' dir='ltr'><strong>Ordinem.</strong></span> <span class='ocrx_word' id='word_1_72' title='bbox 968 1030 1055 1111; x_wconf 80' lang='lat' dir='ltr'><strong>Quod</strong></span> <span class='ocrx_word' id='word_1_73' title='bbox 1078 1030 1247 1114; x_wconf 89' lang='lat' dir='ltr'><strong>porrigitur</strong></span> <span class='ocrx_word' id='word_1_74' title='bbox 1260 1049 1381 1115; x_wconf 88' lang='lat' dir='ltr'><strong>quoqne</strong></span> 
     </span>
     <span class='ocr_line' id='line_1_9' title="bbox 137 1130 1382 1217; baseline 0.004 -22"><span class='ocrx_word' id='word_1_75' title='bbox 137 1130 177 1196; x_wconf 89' lang='lat' dir='ltr'><strong>ad</strong></span> <span class='ocrx_word' id='word_1_76' title='bbox 201 1131 342 1197; x_wconf 86' lang='lat' dir='ltr'><strong>nlrrmnos</strong></span> <span class='ocrx_word' id='word_1_77' title='bbox 364 1135 502 1199; x_wconf 88' lang='lat' dir='ltr'><strong>votorum</strong></span> <span class='ocrx_word' id='word_1_78' title='bbox 526 1133 715 1216; x_wconf 89' lang='lat' dir='ltr'><strong>simplicium</strong></span> <span class='ocrx_word' id='word_1_79' title='bbox 738 1132 954 1216; x_wconf 89' lang='lat' dir='ltr'><strong>temporalium</strong></span> <span class='ocrx_word' id='word_1_80' title='bbox 978 1135 1030 1216; x_wconf 91' lang='lat' dir='ltr'><strong>qni</strong></span> <span class='ocrx_word' id='word_1_81' title='bbox 1054 1134 1161 1217; x_wconf 84' lang='lat' dir='ltr'><strong>quovis</strong></span> <span class='ocrx_word' id='word_1_82' title='bbox 1185 1135 1382 1217; x_wconf 84' lang='lat' dir='ltr'><strong>professionis</strong></span> 
     </span>
     <span class='ocr_line' id='line_1_10' title="bbox 138 1235 1382 1323; baseline 0.003 -23"><span class='ocrx_word' id='word_1_83' title='bbox 138 1235 259 1302; x_wconf 81' lang='lat' dir='ltr'><strong>vinculo</strong></span> <span class='ocrx_word' id='word_1_84' title='bbox 291 1237 353 1302; x_wconf 90' lang='lat' dir='ltr'><strong>iem</strong></span> <span class='ocrx_word' id='word_1_85' title='bbox 381 1235 482 1302; x_wconf 86' lang='lat' dir='ltr'><strong>lorent</strong></span> <span class='ocrx_word' id='word_1_86' title='bbox 516 1237 625 1314; x_wconf 87' lang='lat' dir='ltr'><strong>soluti,</strong></span> <span class='ocrx_word' id='word_1_87' title='bbox 658 1237 696 1302; x_wconf 91' lang='lat' dir='ltr'><strong>ob</strong></span> <span class='ocrx_word' id='word_1_88' title='bbox 727 1237 863 1320; x_wconf 88' lang='lat' dir='ltr'><strong>elapsum</strong></span> <span class='ocrx_word' id='word_1_89' title='bbox 894 1240 1016 1320; x_wconf 88' lang='lat' dir='ltr'><strong>tempus</strong></span> <span class='ocrx_word' id='word_1_90' title='bbox 1047 1257 1108 1323; x_wconf 88' lang='lat' dir='ltr'><strong>quo</strong></span> <span class='ocrx_word' id='word_1_91' title='bbox 1136 1241 1208 1304; x_wconf 89' lang='lat' dir='ltr'><strong>rota</strong></span> <span class='ocrx_word' id='word_1_92' title='bbox 1237 1240 1276 1305; x_wconf 92' lang='lat' dir='ltr'><strong>eb</strong></span> <span class='ocrx_word' id='word_1_93' title='bbox 1307 1239 1382 1323; x_wconf 91' lang='lat' dir='ltr'><strong>ipsis</strong></span> 
     </span>
     <span class='ocr_line' id='line_1_11' title="bbox 141 1341 475 1425; baseline 0.006 -21"><span class='ocrx_word' id='word_1_94' title='bbox 141 1341 266 1406; x_wconf 88' lang='lat' dir='ltr'><strong>luerunt</strong></span> <span class='ocrx_word' id='word_1_95' title='bbox 289 1344 475 1425; x_wconf 87' lang='lat' dir='ltr'><strong>nuncupata.</strong></span> 
     </span>
    </p>
   </div>
   <div class='ocr_carea' id='block_1_3' title="bbox 136 1463 1382 2154">
    <p class='ocr_par' dir='ltr' id='par_1_3' title="bbox 136 1463 1382 2154">
     <span class='ocr_line' id='line_1_12' title="bbox 243 1463 1382 1548; baseline 0.004 -22"><span class='ocrx_word' id='word_1_96' title='bbox 243 1463 296 1530; x_wconf 88' lang='lat' dir='ltr'><strong>Vl.</strong></span> <span class='ocrx_word' id='word_1_97' title='bbox 331 1463 465 1528; x_wconf 86' lang='lat' dir='ltr'><strong>Prolessi</strong></span> <span class='ocrx_word' id='word_1_98' title='bbox 485 1468 551 1529; x_wconf 88' lang='lat' dir='ltr'><strong>tum</strong></span> <span class='ocrx_word' id='word_1_99' title='bbox 577 1464 714 1529; x_wconf 88' lang='lat' dir='ltr'><strong>votorum</strong></span> <span class='ocrx_word' id='word_1_100' title='bbox 736 1463 939 1543; x_wconf 87' lang='lat' dir='ltr'><strong>solemnium,</strong></span> <span class='ocrx_word' id='word_1_101' title='bbox 962 1466 1030 1529; x_wconf 87' lang='lat' dir='ltr'><strong>tum</strong></span> <span class='ocrx_word' id='word_1_102' title='bbox 1052 1465 1240 1548; x_wconf 87' lang='lat' dir='ltr'><strong>simplicium</strong></span> <span class='ocrx_word' id='word_1_103' title='bbox 1263 1465 1302 1530; x_wconf 89' lang='lat' dir='ltr'><strong>ab</strong></span> <span class='ocrx_word' id='word_1_104' title='bbox 1324 1465 1382 1532; x_wconf 93' lang='lat' dir='ltr'><strong>Or·</strong></span> 
     </span>
     <span class='ocr_line' id='line_1_13' title="bbox 139 1566 1382 1653; baseline 0.002 -22"><span class='ocrx_word' id='word_1_105' title='bbox 139 1566 270 1634; x_wconf 85' lang='lat' dir='ltr'><strong>dinariis</strong></span> <span class='ocrx_word' id='word_1_106' title='bbox 295 1568 431 1633; x_wconf 89' lang='lat' dir='ltr'><strong>locomm</strong></span> <span class='ocrx_word' id='word_1_107' title='bbox 459 1568 497 1632; x_wconf 88' lang='lat' dir='ltr'><strong>ed</strong></span> <span class='ocrx_word' id='word_1_108' title='bbox 529 1567 638 1633; x_wconf 83' lang='lat' dir='ltr'><strong>Sacros</strong></span> <span class='ocrx_word' id='word_1_109' title='bbox 666 1566 796 1633; x_wconf 82' lang='lat' dir='ltr'><strong>Ordines</strong></span> <span class='ocrx_word' id='word_1_110' title='bbox 820 1586 878 1632; x_wconf 93' lang='lat' dir='ltr'><strong>non</strong></span> <span class='ocrx_word' id='word_1_111' title='bbox 910 1566 1134 1646; x_wconf 84' lang='lat' dir='ltr'><strong>admittentur,</strong></span> <span class='ocrx_word' id='word_1_112' title='bbox 1166 1569 1225 1634; x_wconf 88' lang='lat' dir='ltr'><strong>uisi</strong></span> <span class='ocrx_word' id='word_1_113' title='bbox 1260 1572 1382 1653; x_wconf 86' lang='lat' dir='ltr'><strong>praeter</strong></span> 
     </span>
     <span class='ocr_line' id='line_1_14' title="bbox 137 1670 1382 1758; baseline 0.003 -23"><span class='ocrx_word' id='word_1_114' title='bbox 137 1670 202 1736; x_wconf 87' lang='lat' dir='ltr'><strong>alia</strong></span> <span class='ocrx_word' id='word_1_115' title='bbox 225 1691 243 1736; x_wconf 91' lang='lat' dir='ltr'><strong>a</strong></span> <span class='ocrx_word' id='word_1_116' title='bbox 265 1671 331 1736; x_wconf 89' lang='lat' dir='ltr'><strong>iure</strong></span> <span class='ocrx_word' id='word_1_117' title='bbox 351 1674 480 1750; x_wconf 89' lang='lat' dir='ltr'><strong>statute,</strong></span> <span class='ocrx_word' id='word_1_118' title='bbox 503 1670 728 1737; x_wconf 85' lang='lat' dir='ltr'><strong>testimoniales</strong></span> <span class='ocrx_word' id='word_1_119' title='bbox 750 1671 872 1736; x_wconf 85' lang='lat' dir='ltr'><strong>litteras</strong></span> <span class='ocrx_word' id='word_1_120' title='bbox 895 1672 1069 1751; x_wconf 84' lang='lat' dir='ltr'><strong>exhibeant,</strong></span> <span class='ocrx_word' id='word_1_121' title='bbox 1094 1673 1175 1758; x_wconf 91' lang='lat' dir='ltr'><strong>quod</strong></span> <span class='ocrx_word' id='word_1_122' title='bbox 1197 1673 1306 1738; x_wconf 85' lang='lat' dir='ltr'><strong>saltem</strong></span> <span class='ocrx_word' id='word_1_123' title='bbox 1329 1693 1382 1758; x_wconf 88' lang='lat' dir='ltr'><strong>per</strong></span> 
     </span>
     <span class='ocr_line' id='line_1_15' title="bbox 136 1775 1379 1861; baseline 0.001 -22"><span class='ocrx_word' id='word_1_124' title='bbox 136 1794 252 1841; x_wconf 88' lang='lat' dir='ltr'><strong>annum</strong></span> <span class='ocrx_word' id='word_1_125' title='bbox 273 1794 379 1840; x_wconf 89' lang='lat' dir='ltr'><strong>sacrae</strong></span> <span class='ocrx_word' id='word_1_126' title='bbox 400 1775 574 1859; x_wconf 89' lang='lat' dir='ltr'><strong>theologiae</strong></span> <span class='ocrx_word' id='word_1_127' title='bbox 597 1795 718 1858; x_wconf 91' lang='lat' dir='ltr'><strong>operam</strong></span> <span class='ocrx_word' id='word_1_128' title='bbox 740 1775 880 1842; x_wconf 84' lang='lat' dir='ltr'><strong>dederint</strong></span> <span class='ocrx_word' id='word_1_129' title='bbox 903 1777 929 1842; x_wconf 92' lang='lat' dir='ltr'><strong>si</strong></span> <span class='ocrx_word' id='word_1_130' title='bbox 952 1777 1065 1861; x_wconf 87' lang='lat' dir='ltr'><strong>agatur</strong></span> <span class='ocrx_word' id='word_1_131' title='bbox 1089 1777 1127 1843; x_wconf 91' lang='lat' dir='ltr'><strong>dc</strong></span> <span class='ocrx_word' id='word_1_132' title='bbox 1145 1777 1379 1855; x_wconf 78' lang='lat' dir='ltr'><strong>subdiaconatu,</strong></span> 
     </span>
     <span class='ocr_line' id='line_1_16' title="bbox 136 1879 1380 1966; baseline 0.002 -22"><span class='ocrx_word' id='word_1_133' title='bbox 136 1879 177 1944; x_wconf 85' lang='lat' dir='ltr'><strong>ed</strong></span> <span class='ocrx_word' id='word_1_134' title='bbox 201 1880 301 1946; x_wconf 89' lang='lat' dir='ltr'><strong>rninus</strong></span> <span class='ocrx_word' id='word_1_135' title='bbox 324 1900 376 1964; x_wconf 90' lang='lat' dir='ltr'><strong>per</strong></span> <span class='ocrx_word' id='word_1_136' title='bbox 399 1879 569 1960; x_wconf 89' lang='lat' dir='ltr'><strong>biennium,</strong></span> <span class='ocrx_word' id='word_1_137' title='bbox 602 1879 686 1945; x_wconf 92' lang='lat' dir='ltr'><strong>side</strong></span> <span class='ocrx_word' id='word_1_138' title='bbox 713 1879 898 1959; x_wconf 80' lang='lat' dir='ltr'><strong>diaconatu,</strong></span> <span class='ocrx_word' id='word_1_139' title='bbox 931 1883 963 1945; x_wconf 90' lang='lat' dir='ltr'><strong>et</strong></span> <span class='ocrx_word' id='word_1_140' title='bbox 991 1881 1090 1964; x_wconf 90' lang='lat' dir='ltr'><strong>quoad</strong></span> <span class='ocrx_word' id='word_1_141' title='bbox 1122 1881 1380 1966; x_wconf 87' lang='lat' dir='ltr'><strong>presbyteratum,</strong></span> 
     </span>
     <span class='ocr_line' id='line_1_17' title="bbox 136 1983 1378 2070; baseline 0.003 -23"><span class='ocrx_word' id='word_1_142' title='bbox 136 1983 248 2048; x_wconf 88' lang='lat' dir='ltr'><strong>saltem</strong></span> <span class='ocrx_word' id='word_1_143' title='bbox 272 2004 324 2066; x_wconf 91' lang='lat' dir='ltr'><strong>per</strong></span> <span class='ocrx_word' id='word_1_144' title='bbox 347 1983 530 2058; x_wconf 88' lang='lat' dir='ltr'><strong>triennium,</strong></span> <span class='ocrx_word' id='word_1_145' title='bbox 562 1984 728 2066; x_wconf 90' lang='lat' dir='ltr'><strong>praemisso</strong></span> <span class='ocrx_word' id='word_1_146' title='bbox 757 1985 861 2050; x_wconf 90' lang='lat' dir='ltr'><strong>tamen</strong></span> <span class='ocrx_word' id='word_1_147' title='bbox 892 1985 1028 2070; x_wconf 90' lang='lat' dir='ltr'><strong>regulari</strong></span> <span class='ocrx_word' id='word_1_148' title='bbox 1051 1984 1183 2051; x_wconf 89' lang='lat' dir='ltr'><strong>aliorum</strong></span> <span class='ocrx_word' id='word_1_149' title='bbox 1206 1985 1378 2052; x_wconf 88' lang='lat' dir='ltr'><strong>studiorum</strong></span> 
     </span>
     <span class='ocr_line' id='line_1_18' title="bbox 138 2087 304 2154; baseline 0 0"><span class='ocrx_word' id='word_1_150' title='bbox 138 2087 304 2154; x_wconf 87' lang='lat' dir='ltr'><strong>curriculo.</strong></span> 
     </span>
    </p>
   </div>
   <div class='ocr_carea' id='block_1_4' title="bbox 136 2209 1385 2400">
    <p class='ocr_par' dir='ltr' id='par_1_4' title="bbox 136 2209 1385 2400">
     <span class='ocr_line' id='line_1_19' title="bbox 243 2209 1385 2295; baseline 0.004 -21"><span class='ocrx_word' id='word_1_151' title='bbox 243 2209 328 2276; x_wconf 89' lang='lat' dir='ltr'><strong>Haec</strong></span> <span class='ocrx_word' id='word_1_152' title='bbox 359 2209 396 2275; x_wconf 91' lang='lat' dir='ltr'><strong>de</strong></span> <span class='ocrx_word' id='word_1_153' title='bbox 432 2229 569 2294; x_wconf 82' lang='lat' dir='ltr'><strong>expresso</strong></span> <span class='ocrx_word' id='word_1_154' title='bbox 604 2209 789 2276; x_wconf 85' lang='lat' dir='ltr'><strong>Sanctitatis</strong></span> <span class='ocrx_word' id='word_1_155' title='bbox 823 2209 903 2277; x_wconf 86' lang='lat' dir='ltr'><strong>Suae</strong></span> <span class='ocrx_word' id='word_1_156' title='bbox 936 2210 1082 2277; x_wconf 90' lang='lat' dir='ltr'><strong>mandato</strong></span> <span class='ocrx_word' id='word_1_157' title='bbox 1117 2211 1257 2295; x_wconf 88' lang='lat' dir='ltr'><strong>praelata</strong></span> <span class='ocrx_word' id='word_1_158' title='bbox 1290 2211 1385 2278; x_wconf 83' lang='lat' dir='ltr'><strong>Sacra</strong></span> 
     </span>
     <span class='ocr_line' id='line_1_20' title="bbox 136 2314 1382 2400; baseline 0.002 -21"><span class='ocrx_word' id='word_1_159' title='bbox 136 2314 345 2400; x_wconf 79' lang='lat' dir='ltr'><strong>Congregetio</strong></span> <span class='ocrx_word' id='word_1_160' title='bbox 367 2316 530 2380; x_wconf 89' lang='lat' dir='ltr'><strong>constituit</strong></span> <span class='ocrx_word' id='word_1_161' title='bbox 549 2317 642 2398; x_wconf 85' lang='lat' dir='ltr'><strong>atque</strong></span> <span class='ocrx_word' id='word_1_162' title='bbox 664 2315 812 2394; x_wconf 88' lang='lat' dir='ltr'><strong>decernit,</strong></span> <span class='ocrx_word' id='word_1_163' title='bbox 837 2315 999 2382; x_wconf 89' lang='lat' dir='ltr'><strong>contrariis</strong></span> <span class='ocrx_word' id='word_1_164' title='bbox 1013 2315 1266 2400; x_wconf 86' lang='lat' dir='ltr'><strong>quibuscumque,</strong></span> <span class='ocrx_word' id='word_1_165' title='bbox 1287 2316 1382 2382; x_wconf 90' lang='lat' dir='ltr'><strong>etiarn</strong></span> 
     </span>
    </p>
   </div>
   <div class='ocr_carea' id='block_1_5' title="bbox 134 2417 1194 2504">
    <p class='ocr_par' dir='ltr' id='par_1_5' title="bbox 134 2417 1194 2504">
     <span class='ocr_line' id='line_1_21' title="bbox 134 2417 1194 2504; baseline 0.002 -22"><span class='ocrx_word' id='word_1_166' title='bbox 134 2417 266 2501; x_wconf 90' lang='lat' dir='ltr'><strong>speciali</strong></span> <span class='ocrx_word' id='word_1_167' title='bbox 289 2420 321 2484; x_wconf 91' lang='lat' dir='ltr'><strong>ct</strong></span> <span class='ocrx_word' id='word_1_168' title='bbox 343 2418 502 2484; x_wconf 84' lang='lat' dir='ltr'><strong>individua</strong></span> <span class='ocrx_word' id='word_1_169' title='bbox 525 2420 679 2485; x_wconf 89' lang='lat' dir='ltr'><strong>mentione</strong></span> <span class='ocrx_word' id='word_1_170' title='bbox 701 2418 812 2504; x_wconf 87' lang='lat' dir='ltr'><strong>dignis,</strong></span> <span class='ocrx_word' id='word_1_171' title='bbox 839 2419 966 2485; x_wconf 88' lang='lat' dir='ltr'><strong>minime</strong></span> <span class='ocrx_word' id='word_1_172' title='bbox 989 2419 1194 2484; x_wconf 87' lang='lat' dir='ltr'><strong>obstantibus.</strong></span> 
     </span>
    </p>
   </div>
   <div class='ocr_carea' id='block_1_6' title="bbox 136 2540 1381 2727">
    <p class='ocr_par' dir='ltr' id='par_1_6' title="bbox 136 2540 1381 2727">
     <span class='ocr_line' id='line_1_22' title="bbox 244 2540 1381 2625; baseline 0.001 -21"><span class='ocrx_word' id='word_1_173' title='bbox 244 2540 359 2607; x_wconf 81' lang='lat' dir='ltr'><strong>natum</strong></span> <span class='ocrx_word' id='word_1_174' title='bbox 385 2541 515 2618; x_wconf 86' lang='lat' dir='ltr'><strong>Rornae,</strong></span> <span class='ocrx_word' id='word_1_175' title='bbox 546 2561 581 2606; x_wconf 88' lang='lat' dir='ltr'><strong>er</strong></span> <span class='ocrx_word' id='word_1_176' title='bbox 610 2540 703 2606; x_wconf 85' lang='lat' dir='ltr'><strong>Sacra</strong></span> <span class='ocrx_word' id='word_1_177' title='bbox 736 2540 983 2624; x_wconf 74' lang='lat' dir='ltr'><strong>congregatione</strong></span> <span class='ocrx_word' id='word_1_178' title='bbox 1011 2541 1228 2625; x_wconf 81' lang='lat' dir='ltr'><strong>llpiscopornm</strong></span> <span class='ocrx_word' id='word_1_179' title='bbox 1258 2541 1291 2606; x_wconf 90' lang='lat' dir='ltr'><strong>ct</strong></span> <span class='ocrx_word' id='word_1_180' title='bbox 1324 2540 1381 2606; x_wconf 82' lang='lat' dir='ltr'><strong>lte·</strong></span> 
     </span>
     <span class='ocr_line' id='line_1_23' title="bbox 136 2643 754 2727; baseline 0.003 -19"><span class='ocrx_word' id='word_1_181' title='bbox 136 2644 305 2727; x_wconf 90' lang='lat' dir='ltr'><strong>gularinm,</strong></span> <span class='ocrx_word' id='word_1_182' title='bbox 327 2643 377 2710; x_wconf 90' lang='lat' dir='ltr'><strong>dic</strong></span> <span class='ocrx_word' id='word_1_183' title='bbox 399 2643 429 2708; x_wconf 78' lang='lat'><strong>4.</strong></span> <span class='ocrx_word' id='word_1_184' title='bbox 454 2644 635 2710; x_wconf 89' lang='lat' dir='ltr'><strong>Novembris</strong></span> <span class='ocrx_word' id='word_1_185' title='bbox 662 2645 754 2710; x_wconf 86' lang='grc'>1892.</span> 
     </span>
    </p>
   </div>
   <div class='ocr_carea' id='block_1_7' title="bbox 563 2765 1294 2962">
    <p class='ocr_par' dir='ltr' id='par_1_7' title="bbox 563 2765 1294 2962">
     <span class='ocr_line' id='line_1_24' title="bbox 727 2765 1131 2850; baseline 0.002 -18"><span class='ocrx_word' id='word_1_186' title='bbox 727 2767 756 2832; x_wconf 92' lang='grc' dir='ltr'><strong>Ι.</strong></span> <span class='ocrx_word' id='word_1_187' title='bbox 784 2765 879 2834; x_wconf 83' lang='lat' dir='ltr'><strong>Ocrd.</strong></span> <span class='ocrx_word' id='word_1_188' title='bbox 909 2766 1009 2850; x_wconf 76' lang='lat' dir='ltr'><strong>Vcrpa</strong></span> <span class='ocrx_word' id='word_1_189' title='bbox 1032 2765 1131 2833; x_wconf 80' lang='lat' dir='ltr'><strong>Praei.</strong></span> 
     </span>
     <span class='ocr_line' id='line_1_25' title="bbox 563 2876 1294 2962; baseline -0.001 -18"><span class='ocrx_word' id='word_1_190' title='bbox 563 2879 669 2962; x_wconf 71' lang='lat' dir='ltr'><strong>llos.</strong></span> <span class='ocrx_word' id='word_1_191' title='bbox 694 2880 744 2946; x_wconf 87' lang='lat' dir='ltr'><strong>M.</strong></span> <span class='ocrx_word' id='word_1_192' title='bbox 768 2879 866 2946; x_wconf 81' lang='lat' dir='ltr'><strong>Arclr.</strong></span> <span class='ocrx_word' id='word_1_193' title='bbox 891 2879 1072 2946; x_wconf 75' lang='lat' dir='ltr'><strong>Caesarisse.</strong></span> <span class='ocrx_word' id='word_1_194' title='bbox 1096 2876 1294 2946; x_wconf 75' lang='lat' dir='ltr'><strong>secretarius.</strong></span> 
     </span>
    </p>
   </div>
   <div class='ocr_carea' id='block_1_8' title="bbox 136 3060 1381 3250">
    <p class='ocr_par' dir='ltr' id='par_1_8' title="bbox 136 3060 1381 3250">
     <span class='ocr_line' id='line_1_26' title="bbox 136 3060 1381 3144; baseline -0.002 -16"><span class='ocrx_word' id='word_1_195' title='bbox 136 3067 174 3128; x_wconf 80' lang='lat'><strong>2.</strong></span> <span class='ocrx_word' id='word_1_196' title='bbox 200 3061 294 3126; x_wconf 89' lang='lat' dir='ltr'><strong>Decr.</strong></span> <span class='ocrx_word' id='word_1_197' title='bbox 318 3062 348 3125; x_wconf 86' lang='lat' dir='ltr'><strong>d.</strong></span> <span class='ocrx_word' id='word_1_198' title='bbox 373 3067 401 3127; x_wconf 93' lang='lat'><strong>1.</strong></span> <span class='ocrx_word' id='word_1_199' title='bbox 425 3061 514 3128; x_wconf 83' lang='lat' dir='ltr'><strong>Febr.</strong></span> <span class='ocrx_word' id='word_1_200' title='bbox 540 3067 628 3128; x_wconf 76' lang='lat'><em>1892</em></span> <span class='ocrx_word' id='word_1_201' title='bbox 649 3083 745 3144; x_wconf 86' lang='lat' dir='ltr'><strong>snper</strong></span> <span class='ocrx_word' id='word_1_202' title='bbox 766 3063 887 3128; x_wconf 75' lang='lat' dir='ltr'><strong>deciam</strong></span> <span class='ocrx_word' id='word_1_203' title='bbox 910 3067 957 3129; x_wconf 83' lang='lat'><strong>17.</strong></span> <span class='ocrx_word' id='word_1_204' title='bbox 981 3060 1056 3127; x_wconf 87' lang='lat' dir='ltr'><strong>Dec.</strong></span> <span class='ocrx_word' id='word_1_205' title='bbox 1080 3065 1176 3138; x_wconf 78' lang='lat'><strong>1690,</strong></span> <span class='ocrx_word' id='word_1_206' title='bbox 1200 3061 1285 3127; x_wconf 83' lang='lat' dir='ltr'><strong>circo</strong></span> <span class='ocrx_word' id='word_1_207' title='bbox 1310 3081 1381 3128; x_wconf 81' lang='lat' dir='ltr'><strong>corr·</strong></span> 
     </span>
     <span class='ocr_line' id='line_1_27' title="bbox 552 3164 968 3250; baseline 0.005 -22"><span class='ocrx_word' id='word_1_208' title='bbox 552 3167 705 3247; x_wconf 69' lang='lat' dir='ltr'><strong>fossarius</strong></span> <span class='ocrx_word' id='word_1_209' title='bbox 727 3166 924 3232; x_wconf 78' lang='lat' dir='ltr'><strong>Martialium</strong></span> <span class='ocrx_word' id='word_1_210' title='bbox 934 3164 968 3250; x_wconf 91' lang='lat'><strong>¹).</strong></span> 
     </span>
    </p>
   </div>
   <div class='ocr_carea' id='block_1_9' title="bbox 135 3303 1383 3906">
    <p class='ocr_par' dir='ltr' id='par_1_9' title="bbox 135 3303 1383 3906">
     <span class='ocr_line' id='line_1_28' title="bbox 243 3303 1381 3386; baseline 0.001 -19"><span class='ocrx_word' id='word_1_211' title='bbox 243 3303 267 3368; x_wconf 91' lang='lat' dir='ltr'><strong>l.</strong></span> <span class='ocrx_word' id='word_1_212' title='bbox 305 3305 352 3367; x_wconf 86' lang='lat' dir='ltr'><strong>An</strong></span> <span class='ocrx_word' id='word_1_213' title='bbox 379 3303 430 3386; x_wconf 84' lang='lat' dir='ltr'><strong>qni</strong></span> <span class='ocrx_word' id='word_1_214' title='bbox 454 3323 615 3368; x_wconf 86' lang='lat' dir='ltr'><strong>concessus</strong></span> <span class='ocrx_word' id='word_1_215' title='bbox 639 3305 688 3369; x_wconf 87' lang='lat' dir='ltr'><strong>cet</strong></span> <span class='ocrx_word' id='word_1_216' title='bbox 712 3304 897 3383; x_wconf 84' lang='lat' dir='ltr'><strong>monialibus</strong></span> <span class='ocrx_word' id='word_1_217' title='bbox 920 3303 1005 3368; x_wconf 89' lang='lat' dir='ltr'><strong>levor</strong></span> <span class='ocrx_word' id='word_1_218' title='bbox 1035 3303 1210 3368; x_wconf 88' lang='lat' dir='ltr'><strong>recurrendi</strong></span> <span class='ocrx_word' id='word_1_219' title='bbox 1241 3303 1280 3368; x_wconf 90' lang='lat' dir='ltr'><strong>ad</strong></span> <span class='ocrx_word' id='word_1_220' title='bbox 1310 3323 1381 3368; x_wconf 91' lang='lat' dir='ltr'><strong>con·</strong></span> 
     </span>
     <span class='ocr_line' id='line_1_29' title="bbox 136 3405 1383 3490; baseline 0.002 -20"><span class='ocrx_word' id='word_1_221' title='bbox 136 3405 301 3470; x_wconf 73' lang='lat' dir='ltr'><strong>lesensium</strong></span> <span class='ocrx_word' id='word_1_222' title='bbox 323 3406 598 3471; x_wconf 88' lang='lat' dir='ltr'><strong>extraordinarium</strong></span> <span class='ocrx_word' id='word_1_223' title='bbox 623 3408 743 3490; x_wconf 66' lang='lat' dir='ltr'><strong>quotes</strong></span> <span class='ocrx_word' id='word_1_224' title='bbox 764 3413 798 3473; x_wconf 82' lang='lat' dir='ltr'><strong>ut</strong></span> <span class='ocrx_word' id='word_1_225' title='bbox 818 3409 971 3488; x_wconf 78' lang='lat' dir='ltr'><strong>propriae</strong></span> <span class='ocrx_word' id='word_1_226' title='bbox 993 3407 1199 3474; x_wconf 84' lang='lat' dir='ltr'><strong>conscientiae</strong></span> <span class='ocrx_word' id='word_1_227' title='bbox 1218 3407 1383 3473; x_wconf 80' lang='lat' dir='ltr'><strong>consulent</strong></span> 
     </span>
     <span class='ocr_line' id='line_1_30' title="bbox 136 3509 1381 3593; baseline 0 -19"><span class='ocrx_word' id='word_1_228' title='bbox 136 3509 184 3575; x_wconf 80' lang='lat' dir='ltr'><strong>aei</strong></span> <span class='ocrx_word' id='word_1_229' title='bbox 203 3509 239 3574; x_wconf 81' lang='lat' dir='ltr'><strong>id</strong></span> <span class='ocrx_word' id='word_1_230' title='bbox 257 3509 435 3593; x_wconf 64' lang='lat' dir='ltr'><strong>adipeam,</strong></span> <span class='ocrx_word' id='word_1_231' title='bbox 458 3511 503 3576; x_wconf 89' lang='lat' dir='ltr'><strong>ita</strong></span> <span class='ocrx_word' id='word_1_232' title='bbox 526 3511 679 3576; x_wconf 89' lang='lat' dir='ltr'><strong>limitibus</strong></span> <span class='ocrx_word' id='word_1_233' title='bbox 702 3513 734 3576; x_wconf 91' lang='lat' dir='ltr'><strong>et</strong></span> <span class='ocrx_word' id='word_1_234' title='bbox 754 3510 980 3576; x_wconf 88' lang='lat' dir='ltr'><strong>conditionibus</strong></span> <span class='ocrx_word' id='word_1_235' title='bbox 996 3513 1109 3589; x_wconf 86' lang='lat' dir='ltr'><strong>careat,</strong></span> <span class='ocrx_word' id='word_1_236' title='bbox 1132 3513 1168 3574; x_wconf 89' lang='lat' dir='ltr'><strong>at</strong></span> <span class='ocrx_word' id='word_1_237' title='bbox 1183 3511 1268 3593; x_wconf 87' lang='lat' dir='ltr'><strong>ipsae</strong></span> <span class='ocrx_word' id='word_1_238' title='bbox 1283 3529 1318 3575; x_wconf 89' lang='lat' dir='ltr'><strong>so</strong></span> <span class='ocrx_word' id='word_1_239' title='bbox 1335 3511 1381 3574; x_wconf 91' lang='lat' dir='ltr'><strong>uti</strong></span> 
     </span>
     <span class='ocr_line' id='line_1_31' title="bbox 135 3613 1381 3698; baseline 0.001 -21"><span class='ocrx_word' id='word_1_240' title='bbox 135 3615 254 3696; x_wconf 85' lang='lat' dir='ltr'><strong>queant</strong></span> <span class='ocrx_word' id='word_1_241' title='bbox 275 3615 462 3689; x_wconf 89' lang='lat' dir='ltr'><strong>constanter,</strong></span> <span class='ocrx_word' id='word_1_242' title='bbox 486 3616 558 3698; x_wconf 87' lang='lat' dir='ltr'><strong>quin</strong></span> <span class='ocrx_word' id='word_1_243' title='bbox 583 3633 717 3698; x_wconf 88' lang='lat' dir='ltr'><strong>unquam</strong></span> <span class='ocrx_word' id='word_1_244' title='bbox 741 3614 961 3680; x_wconf 86' lang='lat' dir='ltr'><strong>coelessarium</strong></span> <span class='ocrx_word' id='word_1_245' title='bbox 985 3613 1174 3679; x_wconf 86' lang='lat' dir='ltr'><strong>ordinarium</strong></span> <span class='ocrx_word' id='word_1_246' title='bbox 1199 3614 1324 3693; x_wconf 89' lang='lat' dir='ltr'><strong>adeant,</strong></span> <span class='ocrx_word' id='word_1_247' title='bbox 1349 3615 1381 3678; x_wconf 90' lang='lat' dir='ltr'><strong>st</strong></span> 
     </span>
     <span class='ocr_line' id='line_1_32' title="bbox 136 3717 1379 3804; baseline 0.001 -22"><span class='ocrx_word' id='word_1_248' title='bbox 136 3735 177 3783; x_wconf 90' lang='lat' dir='ltr'><strong>ue</strong></span> <span class='ocrx_word' id='word_1_249' title='bbox 197 3717 237 3782; x_wconf 85' lang='lat' dir='ltr'><strong>ab</strong></span> <span class='ocrx_word' id='word_1_250' title='bbox 261 3717 408 3802; x_wconf 78' lang='lat' dir='ltr'><strong>Episcopo</strong></span> <span class='ocrx_word' id='word_1_251' title='bbox 430 3719 554 3803; x_wconf 89' lang='lat' dir='ltr'><strong>quidem</strong></span> <span class='ocrx_word' id='word_1_252' title='bbox 578 3719 720 3804; x_wconf 87' lang='lat' dir='ltr'><strong>redargui</strong></span> <span class='ocrx_word' id='word_1_253' title='bbox 744 3724 775 3784; x_wconf 90' lang='lat' dir='ltr'><strong>et</strong></span> <span class='ocrx_word' id='word_1_254' title='bbox 798 3718 941 3802; x_wconf 88' lang='lat' dir='ltr'><strong>impediri</strong></span> <span class='ocrx_word' id='word_1_255' title='bbox 964 3719 1067 3802; x_wconf 90' lang='lat' dir='ltr'><strong>aliquo</strong></span> <span class='ocrx_word' id='word_1_256' title='bbox 1092 3718 1179 3784; x_wconf 91' lang='lat' dir='ltr'><strong>modo</strong></span> <span class='ocrx_word' id='word_1_257' title='bbox 1197 3717 1330 3794; x_wconf 85' lang='lat' dir='ltr'><strong>valeant,</strong></span> <span class='ocrx_word' id='word_1_258' title='bbox 1353 3718 1379 3783; x_wconf 92' lang='lat' dir='ltr'><strong>si</strong></span> 
     </span>
     <span class='ocr_line' id='line_1_33' title="bbox 136 3821 1253 3906; baseline 0.002 -20"><span class='ocrx_word' id='word_1_259' title='bbox 136 3821 309 3888; x_wconf 88' lang='lat' dir='ltr'><strong>rationibus</strong></span> <span class='ocrx_word' id='word_1_260' title='bbox 332 3822 415 3888; x_wconf 89' lang='lat' dir='ltr'><strong>heud</strong></span> <span class='ocrx_word' id='word_1_261' title='bbox 439 3823 602 3906; x_wconf 85' lang='lat' dir='ltr'><strong>probandis</strong></span> <span class='ocrx_word' id='word_1_262' title='bbox 623 3826 678 3888; x_wconf 87' lang='lat' dir='ltr'><strong>aut</strong></span> <span class='ocrx_word' id='word_1_263' title='bbox 702 3823 842 3890; x_wconf 83' lang='lat' dir='ltr'><strong>futilibus</strong></span> <span class='ocrx_word' id='word_1_264' title='bbox 865 3823 977 3888; x_wconf 88' lang='lat' dir='ltr'><strong>ductae</strong></span> <span class='ocrx_word' id='word_1_265' title='bbox 1000 3821 1142 3888; x_wconf 80' lang='lat' dir='ltr'><strong>fuerint?</strong></span> <span class='ocrx_word' id='word_1_266' title='bbox 1251 3865 1253 3868; x_wconf 94' lang='lat'>-</span> 
     </span>
    </p>
   </div>
   <div class='ocr_carea' id='block_1_10' title="bbox 136 3941 1378 4218">
    <p class='ocr_par' dir='ltr' id='par_1_10' title="bbox 136 3941 1378 4218">
     <span class='ocr_line' id='line_1_34' title="bbox 244 3941 1378 4028; baseline 0 -21"><span class='ocrx_word' id='word_1_267' title='bbox 244 3941 285 4007; x_wconf 94' lang='lat' dir='ltr'><strong>ll.</strong></span> <span class='ocrx_word' id='word_1_268' title='bbox 310 3943 495 4010; x_wconf 82' lang='lat' dir='ltr'><strong>(lorrlessarii</strong></span> <span class='ocrx_word' id='word_1_269' title='bbox 519 3944 668 4028; x_wconf 89' lang='lat' dir='ltr'><strong>adjuncti,</strong></span> <span class='ocrx_word' id='word_1_270' title='bbox 692 3945 716 4008; x_wconf 88' lang='lat' dir='ltr'><strong>si</strong></span> <span class='ocrx_word' id='word_1_271' title='bbox 741 3943 863 4028; x_wconf 86' lang='lat' dir='ltr'><strong>quaudo</strong></span> <span class='ocrx_word' id='word_1_272' title='bbox 885 3945 1076 4028; x_wconf 88' lang='lat' dir='ltr'><strong>cognoscunt</strong></span> <span class='ocrx_word' id='word_1_273' title='bbox 1098 3963 1156 4010; x_wconf 93' lang='lat' dir='ltr'><strong>non</strong></span> <span class='ocrx_word' id='word_1_274' title='bbox 1181 3963 1246 4008; x_wconf 90' lang='lat' dir='ltr'><strong>csse</strong></span> <span class='ocrx_word' id='word_1_275' title='bbox 1270 3943 1378 4027; x_wconf 89' lang='lat' dir='ltr'><strong>probe·</strong></span> 
     </span>
     <span class='ocr_line' id='line_1_35' title="bbox 137 4045 1378 4132; baseline 0 -21"><span class='ocrx_word' id='word_1_276' title='bbox 137 4045 233 4112; x_wconf 89' lang='lat' dir='ltr'><strong>bilem</strong></span> <span class='ocrx_word' id='word_1_277' title='bbox 258 4065 382 4112; x_wconf 83' lang='lat' dir='ltr'><strong>censam</strong></span> <span class='ocrx_word' id='word_1_278' title='bbox 407 4047 445 4113; x_wconf 90' lang='lat' dir='ltr'><strong>ad</strong></span> <span class='ocrx_word' id='word_1_279' title='bbox 470 4049 550 4132; x_wconf 90' lang='lat' dir='ltr'><strong>ipsos</strong></span> <span class='ocrx_word' id='word_1_280' title='bbox 574 4047 766 4126; x_wconf 89' lang='lat' dir='ltr'><strong>recurrendi,</strong></span> <span class='ocrx_word' id='word_1_281' title='bbox 800 4067 837 4112; x_wconf 87' lang='lat' dir='ltr'><strong>an</strong></span> <span class='ocrx_word' id='word_1_282' title='bbox 870 4051 1033 4114; x_wconf 89' lang='lat' dir='ltr'><strong>teneantur</strong></span> <span class='ocrx_word' id='word_1_283' title='bbox 1060 4049 1091 4112; x_wconf 92' lang='lat' dir='ltr'><strong>in</strong></span> <span class='ocrx_word' id='word_1_284' title='bbox 1122 4047 1310 4115; x_wconf 85' lang='lat' dir='ltr'><strong>conscicntia</strong></span> <span class='ocrx_word' id='word_1_285' title='bbox 1339 4046 1378 4111; x_wconf 89' lang='lat' dir='ltr'><strong>ed</strong></span> 
     </span>
     <span class='ocr_line' id='line_1_36' title="bbox 136 4149 1003 4218; baseline 0.001 -2"><span class='ocrx_word' id='word_1_286' title='bbox 136 4149 354 4217; x_wconf 89' lang='lat' dir='ltr'><strong>declinandam</strong></span> <span class='ocrx_word' id='word_1_287' title='bbox 377 4152 602 4218; x_wconf 81' lang='lat' dir='ltr'><strong>confessionum</strong></span> <span class='ocrx_word' id='word_1_288' title='bbox 626 4171 762 4218; x_wconf 91' lang='lat' dir='ltr'><strong>sororum</strong></span> <span class='ocrx_word' id='word_1_289' title='bbox 789 4152 1003 4218; x_wconf 77' lang='lat' dir='ltr'><strong>auditionem?</strong></span> 
     </span>
    </p>
   </div>
   <div class='ocr_carea' id='block_1_11' title="bbox 132 4394 1380 4640">
    <p class='ocr_par' dir='ltr' id='par_1_11' title="bbox 132 4394 1380 4640">
     <span class='ocr_line' id='line_1_37' title="bbox 245 4394 1380 4467; baseline -0.001 -17"><span class='ocrx_word' id='word_1_290' title='bbox 245 4395 271 4464; x_wconf 86' lang='lat'><strong>1)</strong></span> <span class='ocrx_word' id='word_1_291' title='bbox 290 4395 352 4466; x_wconf 86' lang='lat' dir='ltr'><strong>Vgl.</strong></span> <span class='ocrx_word' id='word_1_292' title='bbox 372 4396 420 4452; x_wconf 87' lang='lat' dir='ltr'><strong>das</strong></span> <span class='ocrx_word' id='word_1_293' title='bbox 442 4396 586 4452; x_wconf 86' lang='lat' dir='ltr'><strong>Decretum</strong></span> <span class='ocrx_word' id='word_1_294' title='bbox 606 4399 874 4467; x_wconf 82' lang='lat' dir='ltr'><strong>ercrrrndmcrlecrn</strong></span> <span class='ocrx_word' id='word_1_295' title='bbox 898 4396 1039 4452; x_wconf 88' lang='lat' dir='ltr'><strong>lateinisch</strong></span> <span class='ocrx_word' id='word_1_296' title='bbox 1064 4394 1119 4451; x_wconf 86' lang='lat' dir='ltr'><strong>und</strong></span> <span class='ocrx_word' id='word_1_297' title='bbox 1139 4395 1251 4451; x_wconf 87' lang='lat' dir='ltr'><strong>deutsch</strong></span> <span class='ocrx_word' id='word_1_298' title='bbox 1269 4395 1305 4450; x_wconf 88' lang='lat' dir='ltr'><strong>irn</strong></span> <span class='ocrx_word' id='word_1_299' title='bbox 1326 4399 1380 4450; x_wconf 68' lang='lat' dir='ltr'><strong>alr·</strong></span> 
     </span>
     <span class='ocr_line' id='line_1_38' title="bbox 135 4482 1380 4542; baseline -0.004 0"><span class='ocrx_word' id='word_1_300' title='bbox 135 4487 208 4542; x_wconf 78' lang='lat' dir='ltr'><strong>ctio</strong></span> <span class='ocrx_word' id='word_1_301' title='bbox 230 4483 311 4540; x_wconf 82' lang='lat' dir='ltr'>LXV.</span> <span class='ocrx_word' id='word_1_302' title='bbox 332 4484 385 4539; x_wconf 81' lang='lat'><strong>448</strong></span> <span class='ocrx_word' id='word_1_303' title='bbox 412 4483 466 4540; x_wconf 86' lang='lat' dir='ltr'><strong>und</strong></span> <span class='ocrx_word' id='word_1_304' title='bbox 492 4483 536 4539; x_wconf 90' lang='lat' dir='ltr'><strong>die</strong></span> <span class='ocrx_word' id='word_1_305' title='bbox 563 4483 620 4538; x_wconf 87' lang='lat' dir='ltr'><strong>sich</strong></span> <span class='ocrx_word' id='word_1_306' title='bbox 648 4483 732 4539; x_wconf 90' lang='lat' dir='ltr'><strong>deren</strong></span> <span class='ocrx_word' id='word_1_307' title='bbox 759 4483 958 4542; x_wconf 88' lang='lat' dir='ltr'><strong>schliessenden</strong></span> <span class='ocrx_word' id='word_1_308' title='bbox 985 4483 1172 4540; x_wconf 79' lang='lat' dir='ltr'><strong>erldutcrnden</strong></span> <span class='ocrx_word' id='word_1_309' title='bbox 1199 4482 1310 4539; x_wconf 84' lang='lat' dir='ltr'><strong>Decreta</strong></span> <span class='ocrx_word' id='word_1_310' title='bbox 1332 4482 1380 4538; x_wconf 90' lang='lat' dir='ltr'><strong>der</strong></span> 
     </span>
     <span class='ocr_line' id='line_1_39' title="bbox 132 4567 1328 4640; baseline -0.003 -14"><span class='ocrx_word' id='word_1_311' title='bbox 132 4587 157 4626; x_wconf 85' lang='lat' dir='ltr'><strong>s.</strong></span> <span class='ocrx_word' id='word_1_312' title='bbox 178 4567 277 4640; x_wconf 75' lang='lat' dir='ltr'><strong>congr.</strong></span> <span class='ocrx_word' id='word_1_313' title='bbox 297 4570 362 4640; x_wconf 76' lang='lat' dir='ltr'><strong>llpp.</strong></span> <span class='ocrx_word' id='word_1_314' title='bbox 382 4575 409 4626; x_wconf 88' lang='lat' dir='ltr'><strong>et</strong></span> <span class='ocrx_word' id='word_1_315' title='bbox 427 4571 524 4640; x_wconf 86' lang='lat' dir='ltr'><strong>Regnl.</strong></span> <span class='ocrx_word' id='word_1_316' title='bbox 542 4571 580 4625; x_wconf 92' lang='lat' dir='ltr'><strong>im</strong></span> <span class='ocrx_word' id='word_1_317' title='bbox 600 4574 712 4627; x_wconf 82' lang='lat' dir='ltr'><strong>Arclriv</strong></span> <span class='ocrx_word' id='word_1_318' title='bbox 732 4569 828 4627; x_wconf 84' lang='lat' dir='ltr'>LXVI.</span> <span class='ocrx_word' id='word_1_319' title='bbox 850 4570 907 4635; x_wconf 82' lang='grc'>161,</span> <span class='ocrx_word' id='word_1_320' title='bbox 927 4569 1035 4625; x_wconf 85' lang='lat' dir='ltr'><strong>LXVII.</strong></span> <span class='ocrx_word' id='word_1_321' title='bbox 1056 4570 1113 4636; x_wconf 80' lang='lat'><strong>182,</strong></span> <span class='ocrx_word' id='word_1_322' title='bbox 1132 4569 1258 4626; x_wconf 86' lang='lat' dir='ltr'>LXVIII.</span> <span class='ocrx_word' id='word_1_323' title='bbox 1278 4569 1328 4624; x_wconf 77' lang='lat'><strong>284</strong></span> 
     </span>
    </p>
   </div>
   <div class='ocr_carea' id='block_1_12' title="bbox 0 0 1618 4908">
    <p class='ocr_par' dir='ltr' id='par_1_12' title="bbox 0 0 1618 4908">
     <span class='ocr_line' id='line_1_40' title="bbox 0 0 1618 4908; baseline 0 0"><span class='ocrx_word' id='word_1_324' title='bbox 0 0 1618 4908; x_wconf 95' lang='lat' dir='ltr'><strong> </strong></span> 
     </span>
    </p>
   </div>
  </div>
 </body>
</html>
