3228 4908
712 671 802 754 llldl.

454 829 522 911 leo
549 828 627 911 lllll.
654 830 698 911 de
724 833 828 911 secto
856 831 1068 914 messarim.

157 1012 186 1072 1.
220 1005 253 1070 S.
280 1004 322 1072 D.
345 1003 386 1069 N.
411 1003 526 1068 Leonis
544 1003 655 1068 diuina
675 1004 876 1084 provideretis
900 1003 1007 1087 Papae
1033 1005 1137 1071 XIII.
1160 1005 1292 1087 epistola
1314 1005 1358 1071 od

602 1109 762 1190 episcopos
783 1108 910 1176 Italiae.

223 1237 456 1303 venerabilibus
481 1237 650 1311 Fratribus,
675 1238 919 1322 archiepiscopis
939 1239 970 1304 et
996 1239 1151 1322 hlpiscopis
1173 1238 1294 1304 ltaliae.

624 1367 699 1434 Lao
724 1369 784 1434 ΡΡ.
806 1368 894 1436 ΧΠΙ.

395 1498 592 1564 venerabiles
616 1499 750 1579 Fratres,

238 1611 376 1678 Salutem
391 1613 424 1676 ιι
439 1610 639 1694 apostolicam
656 1611 909 1676 benedictionem.
935 1647 974 1658 -
1000 1610 1202 1690 inimicaris,
1226 1610 1377 1678 instinctu

134 1716 330 1800 impulsuque
360 1715 434 1781 mali
466 1715 635 1798 daomoque
661 1734 730 1780 cum
753 1715 922 1781 christinae
946 1716 1066 1781 oomino
1088 1718 1178 1781 sueta
1199 1716 1376 1800 confligsre,

133 1824 235 1886 certos
258 1820 398 1886 homiues
421 1819 480 1885 sibi
506 1838 625 1902 semper
655 1819 796 1902 adjunxit
827 1819 857 1884 in
889 1819 920 1884 id
951 1819 1142 1886 consociatos
1179 1821 1214 1886 ut
1244 1820 1379 1886 traditas

132 1925 283 1990 diuinitus
317 1923 473 1990 doctrinas
507 1923 614 1989 dedita
643 1941 735 2007 opem
770 1926 961 2008 pervertere,
993 1925 1155 2007 ipsamque
1182 1923 1374 1992 christanum

133 2029 358 2112 rempublicam
387 2027 558 2094 distrahere
588 2028 719 2093 funestis
749 2027 885 2093 dissidiis
916 2029 1109 2095 conarentur.
1165 2029 1268 2113 Atque
1296 2029 1376 2095 istae

38 2198 43 2204 ,
133 2133 221 2198 volut
242 2133 430 2216 compositae
452 2133 490 2196 ad
513 2133 774 2216 oppugnationem
798 2134 956 2212 cohortes,
988 2150 1075 2197 nemo
1106 2132 1206 2198 nescit
1227 2136 1375 2218 qusniam

133 2237 290 2302 Ecclesiae
316 2236 437 2301 cladem
461 2237 705 2319 omnitempore
728 2237 902 2306 attulerint.
932 2236 1078 2303 Jamvero
1100 2237 1266 2315 sectarum,
1290 2246 1382 2322 quot·

133 2343 209 2424 quot
232 2344 325 2405 antea
349 2341 432 2404 fuere
455 2340 608 2406 institutis
632 2339 793 2406 catholicis
816 2341 962 2419 infensae,
990 2341 1023 2404 iu
1038 2359 1075 2406 ea
1092 2339 1226 2406 revixerc
1240 2341 1380 2426 spiritua,

134 2463 213 2528 quae
236 2451 320 2511 secto
339 2445 529 2511 Moeeonico
552 2447 746 2523 nominatur,
777 2463 916 2528 quaeque
947 2444 1047 2510 uirum
1080 2447 1111 2510 ιι
1144 2463 1236 2528 opum
1268 2447 1381 2526 solida,

133 2551 319 2615 acerrimam
340 2548 421 2614 bello
445 2547 543 2614 lacem
567 2548 758 2631 praeferens,
791 2547 941 2632 quidquid
972 2566 1101 2632 usquam
1128 2549 1207 2614 sacri
1229 2550 1291 2629 est,
1325 2569 1379 2636 ag·

134 2653 286 2736 graditur.
335 2652 411 2718 llam
431 2652 573 2737 quidem,
605 2651 686 2735 quod
711 2653 803 2736 probe
826 2652 938 2729 nostis,
969 2651 1083 2716 saeculi
1115 2653 1205 2717 unius
1233 2653 1379 2720 dImidia-

131 2759 220 2840 tique
254 2756 372 2840 spatio,
409 2757 617 2822 Romanorum
657 2755 839 2821 Pontificum
874 2756 1068 2822 decessorum
1102 2755 1286 2823 Nostrorum
1319 2777 1378 2825 uon

134 2861 231 2926 semel
265 2861 318 2926 aad
351 2861 471 2944 saepius
500 2860 656 2926 sententia
687 2860 886 2944 proscripsit:
922 2859 1061 2925 eamdem
1101 2859 1310 2944 Nosmetipsi,
1345 2864 1381 2928 ιι

134 2966 312 3048 oportebat,
344 2963 578 3043 damnavimus,
610 2963 735 3029 monitis
763 2964 957 3031 uehementer
980 2964 1100 3050 populis
1123 2963 1319 3044 christianis,
1344 2969 1380 3031 ιι

134 3070 204 3153 ejus
226 3068 354 3134 iusidias
375 3087 496 3134 summa
519 3067 711 3151 providentia
732 3072 895 3148 carerent,
923 3073 1112 3153 conatusque
1133 3069 1267 3134 ualarios
1289 3069 1379 3136 lorti·

134 3177 195 3251 ter,
219 3175 254 3239 ut
276 3173 409 3240 asseclas
430 3172 507 3238 Jesu
530 3171 647 3238 Christi
670 3173 769 3250 decet,
789 3173 970 3241 refutarent.
1006 3171 1214 3254 Quinetiam,
1239 3175 1380 3241 neohre-

134 3280 223 3361 paret
243 3277 368 3361 ignavia
391 3277 423 3342 et
445 3294 549 3358 sopor,
585 3276 725 3341 consulto
758 3275 934 3342 studuimus
968 3279 1070 3343 sectae
1105 3277 1379 3358 pomiciosissimae

135 3381 255 3465 aperire
276 3381 433 3466 mysteria,
455 3382 488 3445 ιι
510 3381 621 3464 quibus
644 3380 764 3446 artibus
786 3381 817 3444 in
842 3381 991 3446 excidium
1016 3381 1187 3446 catholicae
1204 3381 1248 3446 rei
1264 3383 1378 3447 nitera-

134 3489 197 3562 tur,
222 3485 307 3550 velut
329 3486 449 3550 intento
471 3484 571 3568 digito
587 3483 878 3550 demonstravimus.
903 3483 1124 3564 Nihilominus,
1140 3484 1167 3550 si
1184 3485 1274 3550 lateri
1292 3485 1379 3551 rolu-

138 3607 208 3654 mus
238 3588 269 3654 id
298 3589 379 3673 quod
407 3607 456 3653 res
486 3589 551 3668 est,
583 3589 730 3673 plurimos
758 3589 908 3654 italorum
935 3607 1045 3673 parum
1073 3589 1180 3654 cautos
1212 3607 1381 3673 parumque

135 3692 280 3778 providos
301 3691 528 3759 inconsiderata
551 3693 702 3776 quaedam
725 3693 877 3759 securitas
908 3693 1003 3759 lacit:
1035 3693 1104 3758 ideo
1131 3692 1380 3778 magnitudinem

139 3797 265 3882 periculi
294 3799 349 3863 aut
378 3797 501 3863 omnino
531 3815 590 3862 nou
619 3796 743 3874 rident,
779 3797 834 3862 aut
867 3815 927 3863 uon
961 3815 998 3861 ex
1032 3796 1163 3863 veritate
1198 3797 1379 3864 metiuntur.

137 3902 237 3986 Atqui
260 3901 336 3967 fides
352 3903 445 3980 avita,
471 3903 559 3984 paria
576 3901 751 3968 homiuibus
768 3919 820 3984 per
834 3899 943 3966 Jasum
961 3900 1120 3966 Christum
1135 3901 1230 3979 salos,
1251 3903 1284 3967 ιι
1299 3899 1379 3984 quod

136 4025 324 4090 consequens
347 4007 411 4084 est,
441 4006 508 4088 ipse
534 4004 720 4070 christianae
743 4003 948 4069 humanitatis
967 4005 1129 4070 bouelacla
1147 4006 1177 4069 in
1199 4003 1376 4070 discrimine

136 4112 309 4178 vertuntur.
353 4109 511 4193 Siquidem
534 4108 612 4174 nihil
635 4109 766 4188 timaus,
797 4107 912 4174 nemini
936 4109 1063 4188 cedens,
1097 4109 1213 4194 majora
1243 4105 1380 4192 quotidie

136 4213 234 4280 audet
254 4215 340 4280 secta
362 4213 557 4279 Massonumr
578 4215 661 4278 totas
683 4212 827 4278 civitates
851 4212 935 4278 velut
957 4213 1102 4298 contagio
1120 4209 1251 4289 invasit,
1275 4211 1377 4277 omoi-

137 4320 256 4402 bosqoe
278 4317 465 4401 reipublicae
484 4317 638 4383 institutis
661 4335 693 4381 se
714 4317 873 4401 implicare
896 4316 992 4382 altius
1014 4317 1044 4382 in
1067 4317 1132 4381 dios
1155 4315 1283 4393 nititur,
1307 4333 1380 4382 oon·

133 4422 243 4506 jorata
266 4422 345 4505 quod
368 4419 484 4505 passim
508 4420 596 4498 solet,
620 4420 806 4485 catholicam
832 4420 1023 4504 religionem,
1046 4419 1229 4503 principium
1252 4421 1284 4485 et
1308 4419 1377 4484 lou·

136 4527 202 4591 tem
219 4525 367 4590 honorum
383 4525 595 4602 maximorum,
618 4524 725 4589 italico
738 4523 842 4608 generi
862 4524 989 4607 eripere.
1006 4559 1048 4570 -
1069 4521 1151 4589 Hinc
1166 4522 1326 4588 adhibitos
1339 4521 1379 4586 ad

170 4637 265 4684 Archiv
279 4635 320 4684 l'llr
333 4635 522 4684 Khauenrscha
539 4635 629 4683 unx.
1241 4626 1281 4691 10
