3228 4908
301 187 411 259 Conpr-
431 205 455 244 ε.
474 186 558 257 Ofdc.
577 189 615 244 dc
633 189 827 244 absolutionc
847 204 866 240 n
886 203 1007 244 censue.
1026 188 1201 243 reservatis.
1311 165 1373 232 13?

126 361 368 440 reincidcntiae,
415 362 489 447 quia
529 361 562 426 iu
606 361 808 445 praelaudata
842 361 945 426 Consi.
984 362 1022 438 cle
1059 359 1261 428 reincidentia
1296 357 1374 424 nihil

128 467 257 532 dicitur.

240 573 274 636 2⁰
297 571 462 636 Decretum
485 569 515 636 S.
539 569 641 636 Ollicii
665 571 764 636 23-30
786 569 873 635 duuii
899 569 980 635 leco
1004 584 1062 634 nou
1078 569 1140 633 viru
1156 567 1372 652 obligatoriam

131 676 258 753 habere,
279 674 353 758 qnia
375 693 433 739 nou
455 675 517 739 fuit
539 674 769 757 promulgatum
792 673 824 737 in
849 673 945 738 torma
970 673 1113 756 specifica
1133 691 1211 755 quae
1228 690 1282 755 pro
1297 670 1374 755 legi·

128 781 191 845 bus
214 779 391 861 requiritur.

236 885 272 948 3⁰
295 879 530 948 Absolutionem
554 880 585 946 iu
609 881 731 947 casibus
752 880 992 965 urgentioribus,
1013 880 1044 944 in
1064 879 1146 944 dicto
1169 878 1299 945 Decreto
1320 877 1374 942 da·

127 990 207 1062 tam,
231 1005 297 1052 esse
317 988 440 1052 tanturn
462 985 656 1051 indirectam.
689 985 762 1051 Alia
780 1004 851 1051 vcro
874 983 1015 1050 doctriua
1034 983 1067 1048 in
1085 985 1188 1049 nostro
1204 980 1375 1048 Seminarie

128 1091 278 1158 traditur.
304 1127 340 1138 -
367 1090 448 1156 Hinc
470 1091 652 1174 quaeritura

237 1195 260 1260 l.
286 1197 334 1260 Au
352 1193 502 1277 obligatio
520 1193 624 1259 standi
640 1193 797 1258 mandatis
813 1193 977 1270 Ecclesiae,
1000 1191 1025 1256 si
1042 1189 1255 1257 convaluerint
1270 1190 1374 1274 poeui-

130 1301 235 1364 tentes
257 1298 392 1364 absoluti
416 1317 435 1364 a
457 1298 594 1362 censuris
616 1296 741 1362 Summo
766 1296 908 1362 Pontifici
931 1294 1105 1375 reservatis,
1127 1294 1207 1360 idem
1230 1296 1318 1359 sonet
1340 1312 1376 1359 ac

131 1402 283 1487 obligatio
306 1421 339 1468 se
361 1401 490 1468 sistendi
510 1421 611 1468 coram
636 1401 765 1467 Summo
789 1400 963 1467 Pontibus?

237 1507 278 1572 ll.
314 1508 355 1573 uc
382 1508 538 1591 quatenus
565 1506 724 1590 negative,
757 1506 788 1569 in
821 1524 881 1590 qno
912 1503 1065 1570 consistat
1096 1502 1247 1588 obligatio
1273 1501 1377 1568 dandi

134 1611 290 1677 mandatis
315 1610 498 1679 llcclesiact

239 1715 296 1782 ΙΙΙ.
321 1718 369 1780 An
392 1715 543 1798 obligatio
566 1715 670 1780 standi
694 1713 850 1781 mandatis
871 1713 1026 1780 Ecclesiae
1049 1711 1091 1778 sit
1110 1711 1168 1778 sub
1184 1729 1279 1796 poena
1296 1710 1377 1776 rein-

135 1820 313 1885 cidentiael

238 1923 292 1991 lV.
330 1923 376 1987 Au
410 1923 472 1988 ista
503 1921 653 2008 obligatio
685 1923 787 1988 standi
825 1922 980 1989 mandatis
1013 1921 1169 1988 Ecclesiae
1198 1920 1294 1987 etiam
1323 1939 1376 2003 pro

135 2027 273 2094 censuris
293 2025 419 2092 Summo
443 2025 587 2092 Pontifici
610 2027 793 2110 simpliciter
816 2026 981 2092 reservatis
1004 2025 1141 2110 urgeat?

242 2131 277 2198 V.
311 2132 360 2196 An
388 2130 554 2196 Decretum
582 2129 610 2195 S.
636 2131 738 2197 Olticii
762 2131 867 2196 23-30
890 2129 979 2196 Junii
1007 2131 1088 2196 1886
1110 2129 1229 2212 obliget
1251 2129 1312 2206 ita,
1342 2129 1377 2193 ut

137 2236 239 2320 pranis
261 2238 333 2301 ante
357 2236 414 2301 boc
437 2234 594 2302 decretum
618 2238 743 2302 serrata
765 2254 824 2301 non
847 2235 890 2301 sit
912 2235 1054 2319 deinceps
1077 2233 1260 2300 toleranda?

241 2340 294 2407 Vl.
337 2342 383 2405 An
416 2340 569 2406 absolutio
602 2340 634 2404 in
670 2340 790 2406 casibus
826 2338 1071 2425 urgentioribus,
1115 2337 1229 2404 virtute
1261 2336 1377 2401 decreti

138 2445 330 2528 praelaudati
352 2445 436 2523 data,
460 2444 580 2510 directa
602 2446 644 2510 sit
666 2445 714 2510 vel
737 2444 913 2509 indirecta?

396 2549 487 2614 Feria
509 2549 554 2614 IV
577 2549 626 2613 die
649 2547 700 2616 30.
725 2547 831 2614 Martii
858 2547 950 2615 1892.

193 2646 196 2654 ’
239 2653 274 2718 In
299 2653 543 2737 Congregatione
563 2641 706 2736 'generali
726 2651 757 2718 S.
774 2653 809 2718 R.
826 2653 857 2718 et
874 2651 963 2719 Univ.
983 2649 1207 2735 inquisitionis,
1233 2649 1378 2714 liminen-

136 2755 249 2822 tissimi
277 2777 313 2822 ac
346 2755 604 2824 [reverendissimi
638 2757 704 2820 Di).
735 2755 916 2822 Cardiualcs
946 2756 977 2821 in
1003 2756 1094 2820 rebus
1117 2753 1188 2819 fidei
1211 2753 1377 2819 Generales

136 2861 354 2945 inquisitores,
385 2862 565 2944 praehabito
590 2864 658 2928 voto
684 2861 750 2929 RR.
774 2861 839 2926 DD.
864 2860 1083 2926 consultorum
1106 2857 1136 2924 S.
1160 2857 1280 2936 Officii,
1305 2877 1375 2941 pro·

137 2965 245 3050 positis
267 2983 360 3048 supra
381 2963 543 3049 descriptis
565 2966 667 3031 dubiis
691 2965 934 3049 respondendnm
958 2964 1163 3030 mandarunt:

240 3070 287 3134 Ad
311 3069 335 3134 Ι.
374 3069 598 3154 Obligotionem
619 3071 727 3137 dandi
749 3071 910 3137 madidatis
932 3069 1093 3136 Ecclesiae
1112 3071 1284 3150 importare
1298 3089 1379 3134 onos

136 3177 201 3240 stoc
225 3196 288 3256 per
319 3196 369 3252 se,
407 3175 472 3240 cive
499 3195 562 3255 per
590 3174 889 3258 capesseremne
916 3174 948 3240 S.
982 3171 1164 3255 Perdidcen
1197 3171 1380 3266 recurrendi

137 3280 261 3362 eiusque
290 3277 453 3345 mandalis
488 3277 666 3356 obediendi,
709 3277 756 3344 cel
792 3299 905 3345 novum
936 3277 1159 3343 absolutionem
1189 3278 1305 3360 potenti
1339 3277 1378 3342 ab

137 3382 264 3448 tabente
291 3381 473 3467 facultatem
503 3381 681 3448 absoluendi
702 3404 723 3446 o
744 3383 889 3449 censuris
911 3381 944 3449 S.
969 3381 1118 3463 Pontifici
1137 3379 1268 3466 speciali
1288 3379 1379 3446 orode

137 3487 314 3553 reservatis.
359 3543 361 3547 .

241 3589 288 3654 Ad
310 3590 360 3655 11:
386 3590 552 3658 Provisum
573 3593 610 3657 in
630 3591 838 3670 praecedenti.

242 3693 291 3759 nd
313 3693 381 3759 lIl:
404 3695 613 3778 Affirmotice.

241 3796 291 3862 Ad
313 3797 376 3864 IV:
401 3799 559 3882 Nepotioe.

242 3902 289 3967 dd
312 3901 359 3968 V:
381 3901 550 3970 Deeratne
561 3903 625 3970 diei
637 3907 692 3970 23.
706 3904 788 3972 Joni
798 3906 886 3969 1886
897 3901 1021 3967 omnino
1032 3901 1178 3987 obligare,
1191 3905 1380 3986 mocivapuc

139 4007 332 4074 corrtrora'nm
354 4007 552 4074 mlercodom
573 4028 638 4074 nore
660 4027 735 4074 esse.

242 4111 287 4175 dd
308 4110 368 4176 Vl:
392 4111 591 4194 Affimrotioc
606 4111 650 4177 dd
664 4113 804 4194 primam
822 4115 965 4192 parterm
985 4111 1126 4193 negative
1141 4109 1185 4176 ad
1199 4110 1377 4178 secundm.

241 4214 377 4281 Sabbato
399 4233 470 4281 vero
493 4215 684 4300 insequenti,
708 4215 757 4280 die
780 4217 810 4282 2.
836 4214 969 4298 Aprilis,
1001 4214 1083 4280 lacta
1105 4213 1144 4280 de
1166 4212 1214 4278 bis
1241 4213 1378 4280 Sanctis·

140 4319 216 4384 simo
240 4318 372 4385 Domino
394 4319 488 4385 Leoni
513 4320 598 4402 Papa
618 4319 707 4385 Xlll.
731 4318 887 4394 relatione,
912 4317 1069 4384 Sanctitas
1091 4316 1154 4384 Sua
1176 4317 1379 4384 resolutiones

141 4422 459 4489 Eminentissimorum
493 4425 526 4488 et
559 4422 892 4489 Reuerendissimorum
928 4422 991 4487 ΡΡ.
1025 4421 1207 4505 adprobavit
1237 4424 1269 4489 et
1303 4441 1376 4490 con-

141 4526 284 4594 firmavit.
