3228 4908
581 187 719 257 lmdwip,
739 189 912 245 Geaobioble
931 189 983 242 dee
1002 188 1166 259 Sacrueqn.

404 360 433 441 c)
457 357 563 442 degon
589 359 637 424 dio
661 359 832 425 lircbliobe
856 359 1123 426 Geriobtsbarlreit
1136 366 1169 440 ¹).

402 462 435 547 d)
459 461 565 546 Gegen
588 463 637 528 die
660 463 853 532 lrircblioben
879 465 1117 530 iustitutionen:
1156 474 1157 478 ’

455 567 488 650 α)
513 566 616 631 Durob
641 567 848 652 lintueibung
870 568 924 632 der
945 567 1188 650 Sacrameutel).

455 673 487 754 β)
512 670 616 735 Duroh
641 671 1164 758 6011011100ηὲ(100800010301).

453 773 485 860 γ)
510 774 708 858 Ueberbaupt
742 775 835 840 durch
872 775 933 839 allo
966 776 1025 842 den
1061 776 1250 842 bircblioben
1280 775 1391 839 Cultus
1427 775 1490 839 und

506 878 597 943 Ritus
617 879 829 944 verletzendon
855 878 1109 965 Handlungen4).

334 985 379 1072 ¹2.
407 983 461 1047 Die
484 981 604 1047 Doliote
626 982 801 1067 gagauden
825 982 925 1060 Stant,
949 983 1010 1048 und
1032 1003 1128 1050 zuar:

401 1089 432 1170 a)
455 1085 562 1170 (legen
585 1087 638 1150 das
659 1085 983 1170 scaatnnornanpm).

403 1190 434 1273 b)
459 1189 566 1274 (legen
589 1188 638 1254 die
660 1189 897 1273 Staatsgesetze.

451 1291 486 1379 α)
509 1291 617 1376 (legen
640 1293 688 1358 dic
712 1293 840 1358 Geretae
863 1293 1083 1380 uberhauptli.

348 1505 374 1572 1)
393 1505 410 1557 l.
430 1503 480 1558 ult.
501 1504 517 1557 l.
538 1503 584 1566 16,
602 1501 632 1556 2:
652 1500 816 1570 »Pririlegia
835 1501 1005 1557 ecclesiarum
1026 1502 1159 1564 omnium,
1178 1517 1247 1570 quae
1265 1501 1372 1555 saeculo
1391 1505 1486 1555 nostro

244 1594 373 1659 tyrannus
391 1590 532 1653 inviderat,
552 1605 635 1656 prona
650 1587 792 1642 devotione
802 1603 972 1654 novocomum
994 1586 1097 1642 scilicet
1112 1591 1142 1640 ut
1154 1586 1285 1656 quidquid
1298 1603 1313 1640 a
1326 1586 1397 1640 diris
1411 1587 1486 1654 prin·
1591 1588 1593 1619 r

244 1677 346 1746 cipibus
365 1677 542 1730 commitatum
560 1678 613 1739 est,
635 1674 679 1728 rel
698 1691 766 1744 quae
785 1674 886 1743 singuli
903 1674 1041 1729 antistites
1059 1673 1211 1744 pro‘cauais
1230 1672 1418 1728 ecclesiasticis
1437 1672 1487 1725 im·

244 1766 418 1833 petrapernnt
445 1762 494 1816 sub
519 1777 606 1832 poena
630 1760 764 1830 sacrilegii
789 1761 848 1830 iugi
866 1760 983 1815 solidata
999 1760 1163 1815 aeternitate
1182 1763 1330 1814 serventur.
1367 1757 1485 1813 Clericus

244 1850 337 1915 etiarn,
349 1865 415 1919 quos
428 1847 600 1902 indiscretum
613 1847 647 1901 ad
659 1848 808 1902 saeculares
818 1845 920 1915 judices
932 1847 1028 1901 debere
1040 1846 1134 1901 deduci
1147 1845 1283 1900 infaustus
1296 1849 1486 1914 praesumptor

243 1936 363 1990 edixerat
381 1935 522 2005 episcopali
540 1935 693 1991 audientiae
712 1951 904 1990 reservamus«
941 1934 1060 2005 (Valent.
1078 1939 1106 1990 et
1124 1934 1223 1990 Theod.
1241 1935 1313 2002 425).

346 2021 374 2090 2)
394 2021 412 2076 1.
430 2022 448 2074 4
466 2020 484 2075 1.
505 2021 536 2077 16
555 2025 576 2075 t.
592 2021 609 2074 6
627 2040 649 2074 a.
664 2061 690 2077 ..
708 2020 801 2076 iterati
819 2021 992 2090 baptismatis
1010 2021 1136 2090 polluunt¹
1154 2020 1304 2090 sacrilegio.
1330 2019 1419 2086 Quare
1433 2020 1484 2073 bae

243 2109 305 2178 lege
322 2099 471 2172 sancimus,
498 2110 529 2162 ut
555 2108 677 2178 quiaquia
696 2111 757 2178 post
776 2109 841 2163 haec
861 2107 943 2162 luerit
961 2125 990 2163 se
1008 2107 1160 2179 baptizasse
1178 2108 1300 2162 detectus
1317 2105 1418 2176 judici.
1438 2108 1483 2174 qui

244 2195 395 2264 provinciae
415 2194 567 2263 praesidet,
592 2194 734 2260 offeratur,
763 2197 795 2249 ut
821 2194 982 2251 facultatum
1006 2196 1124 2250 omnium
1149 2193 1332 2263 publicatione
1350 2193 1483 2247 multatus

242 2281 348 2351 inopiae
367 2297 487 2350 poenm,
506 2281 602 2351 quain
622 2283 781 2350 perpetuum
799 2280 948 2346 adficiatur,
967 2282 1108 2350 expendat
1139 2281 1190 2344 Ita,
1209 2284 1241 2336 ut
1259 2279 1323 2334 liliis
1342 2295 1442 2341 eorum.
1460 2279 1484 2332 si

243 2371 404 2437 apateruao
423 2367 560 2423 societatis
578 2368 713 2436 pravitate
730 2367 909 2432 6100006001,
936 2385 967 2424 ea
994 2384 1063 2438 quae
1090 2368 1191 2422 inerint
1217 2369 1332 2435 paterna
1357 2382 1411 2420 non
1439 2381 1484 2432 pe·

242 2457 321 2512 reaut
339 2498 345 2512 .
365 2497 371 2510 .
390 2476 414 2509 .‹
433 2453 542 2522 (Houor.
559 2453 630 2522 405).

345 2543 364 2597 1.
381 2541 463 2596 4111).
480 2541 511 2595 ll
531 2543 551 2594 t.
570 2540 604 2594 36
624 2581 631 2596 .
649 2581 656 2594 .
673 2582 679 2596 .
698 2539 769 2610 quod
788 2539 910 2610 deinceps
937 2539 965 2594 in
993 2537 1146 2594 huiuamodi
1173 2537 1329 2593 criminibus
1356 2536 1482 2591 convenit

241 2627 388 2692 observari,
411 2630 442 2681 nt
464 2625 614 2682 manilestia
633 2624 836 2695 probationibus
854 2625 989 2680 adulterio
1007 2625 1120 2695 probato
1138 2624 1310 2680 frustratoria
1326 2623 1482 2692 provocatio

241 2715 352 2768 minimo
369 2713 543 2769 admittatur:
568 2729 626 2768 cum
646 2712 705 2783 pari
723 2715 861 2784 similique
880 2714 985 2768 ratione
1002 2714 1147 2783 sacrilegos
1167 2713 1323 2785 nuptiarum
1340 2716 1481 2782 tamquam

241 2799 383 2855 manileste
401 2799 563 2867 parricidas,
590 2801 697 2855 insuere
723 2800 810 2854 culleo
838 2800 924 2864 viros,
952 2799 995 2854 rel
1020 2816 1141 2864 exurere,
1169 2800 1333 2855 iudicantem
1357 2801 1481 2868 oporteat

241 2886 428 2957 (Constantius
447 2884 518 2953 339).

344 2972 371 3040 3)
390 2971 408 3026 1.
426 2971 444 3027 6
463 2971 508 3026 lib.
525 2970 543 3027 8
560 2975 581 3027 t.
599 2973 633 3027 8:
652 2971 722 3027 Solis
744 2972 802 3038 die,
822 2989 900 3042 quem
919 2972 1081 3029 dominicum
1100 2973 1152 3028 rite
1169 2973 1259 3027 dixere
1276 2971 1405 3040 maiores,
1424 2987 1479 3026 om-

240 3059 315 3113 nium
341 3058 449 3111 omnino
473 3056 579 3124 litium,
606 3059 776 3128 negotiorum
801 3059 1007 3114 conventionum
1036 3059 1157 3128 quiescat
1183 3058 1308 3113 intentio.
1353 3057 1479 3113 Debitum

240 3143 375 3214 publicum
403 3141 591 3213 privatumque
617 3143 708 3198 nullus
735 3144 878 3214 efflagitet.
914 3143 955 3198 Ne
974 3144 1044 3212 apud
1066 3145 1137 3215 ipsos
1157 3143 1267 3214 quidem
1288 3143 1406 3198 arbitros
1423 3143 1481 3198 nlla

240 3231 278 3285 ait
295 3229 399 3300 agnitio
417 3229 575 3298 iurgiorum.
600 3229 637 3283 Et
655 3246 708 3285 nou
727 3230 806 3284 modo
822 3229 959 3295 notabilis,
978 3230 1164 3286 verumetiam
1178 3229 1325 3300 sacrilegus
1337 3229 1480 3292 iudicetur,

240 3317 285 3385 qui
298 3333 315 3370 a
326 3319 435 3370 sanotae
448 3315 586 3386 religionis
598 3316 726 3370 instituto
738 3317 826 3371 ritune
839 3316 984 3372 deflexerit.
1000 3316 1133 3384 (Gratiau.
1142 3317 1249 3372 Valent.
1261 3319 1288 3372 at
1298 3315 1399 3370 Theod.
1409 3317 1481 3384 386),

342 3402 370 3471 4)
389 3401 429 3458 Ol.
449 3403 467 3457 1.
485 3403 534 3458 sub
552 3403 578 3468 3,
598 3405 643 3458 cit.
661 3419 705 3459 am
725 3401 844 3458 Schluas.
998 3452 1001 3458 .

343 3490 370 3558 5)
389 3490 408 3544 Ι.
423 3489 441 3543 4
459 3489 505 3544 lib.
520 3490 538 3543 6
554 3493 574 3545 t.
587 3491 636 3546 24:
656 3489 803 3544 Domestioi
817 3505 851 3544 ac
867 3493 1029 3559 protectores
1047 3488 1194 3554 osculandi,
1213 3505 1274 3543 curn
1292 3487 1480 3552 salutaverint.

240 3575 359 3630 Vioarios
380 3575 421 3630 tui
439 3574 571 3631 culminis
589 3575 709 3630 habeant
728 3579 901 3644 potestatem.
937 3577 1027 3631 Poena
1050 3577 1122 3631 euim
1143 3575 1281 3646 sacrilegii
1302 3575 1400 3630 similia
1419 3577 1480 3630 erit.

238 3663 262 3717 ai
280 3663 324 3715 his
341 3661 544 3717 honorificentia
562 3678 615 3715 non
633 3661 779 3726 deleratur,
798 3662 845 3732 qui
862 3662 1018 3732 contingere
1035 3665 1153 3716 nostram
1166 3677 1311 3730 purpuram
1327 3660 1404 3731 digni
1416 3665 1481 3716 sunt

239 3747 387 3803 aestimati.
422 3747 496 3812 (Vel.
514 3751 542 3802 et
559 3746 659 3802 Theod.
677 3747 750 3816 687).

344 3834 362 3889 l.
381 3834 397 3888 6
414 3833 462 3888 lib.
479 3834 496 3888 9
514 3835 535 3886 t.
553 3831 603 3887 42:
622 3832 806 3888 Substantiam
825 3833 1012 3888 damnatorum
1031 3833 1166 3902 integram
1181 3832 1215 3887 ad
1228 3833 1328 3888 liberos
1341 3834 1479 3902 pervenire

239 3925 268 3977 et
285 3923 313 3976 iu
334 3919 455 3991 qualibet
472 3935 553 3974 causa
564 3919 659 3989 positia
672 3919 827 3988 parentibus
839 3918 938 3974 liberos
952 3919 1080 3974 haeredes
1093 3934 1150 3974 esse
1166 3919 1351 3988 praecipimus,
1371 3921 1480 3988 excepta

238 4009 296 4063 sola
313 4007 465 4075 Maiestatis
484 4007 654 4076 quaestione:
674 4021 754 4074 quam
772 4006 868 4076 siquis
887 4008 1018 4076 sacrilego
1036 4006 1126 4061 animo
1138 4006 1266 4071 adsumit,
1282 4007 1354 4061 iuste
1365 4021 1478 4076 poenam

238 4095 272 4150 ad
291 4112 353 4150 suos
371 4095 454 4149 etiam
470 4094 592 4162 posteros
611 4093 707 4146 mittit.
744 4093 862 4160 (Valent.
883 4094 955 4162 364).

342 4182 368 4248 6)
388 4181 405 4235 l.
422 4180 439 4233 2
458 4179 505 4234 lib.
521 4180 537 4235 6
557 4180 576 4232 t.
596 4181 626 4232 6:
645 4177 673 4232 Si
692 4178 753 4247 quis
772 4179 859 4248 igitur
876 4178 1026 4234 indebitum
1044 4178 1094 4233 sibi
1113 4178 1201 4233 locum
1220 4178 1389 4247 usurpaverit
1401 4177 1478 4231 nulla

237 4284 266 4321 ao
292 4267 461 4336 ignoratione
489 4265 634 4327 defendat,
663 4266 753 4334 sitque
783 4265 861 4336 plane
884 4266 1021 4335 sacrilegii
1053 4283 1114 4320 reus
1142 4266 1187 4334 qui
1217 4265 1309 4320 divina
1335 4267 1479 4333 praecepta

238 4351 394 4419 neglexerit.
413 4351 524 4420 l'l'beod.
542 4351 613 4416 384).
649 4350 724 4403 Danu
742 4350 864 4405 bomerlrt
882 4350 929 4404 der
945 4351 1159 4406 commentator:
1188 4350 1218 4404 ld
1243 4351 1315 4404 onim
1340 4349 1478 4418 sacrilegii
1593 4329 1594 4380 i

237 4452 301 4490 rooe
329 4437 520 4491 exaudiendum
546 4441 588 4490 est
614 4437 647 4488 de
673 4435 833 4490 violatoibus
861 4437 994 4490 Diralium
1024 4453 1071 4490 seu
1094 4435 1267 4505 Imperalium
1299 4435 1427 4490 scitorum
1450 4437 1479 4488 et
1593 4471 1594 4488 r

239 4521 417 4576 decretorum.
