3228 4908
252 183 314 252 122
409 204 438 261 S.
458 203 569 277 Oeagr.
590 204 650 264 aar.
667 209 753 262 drea
770 221 904 263 consecr.
925 206 979 263 alt.
996 210 1095 276 pora·
1114 219 1213 274 comp.
1231 203 1337 260 bened.

253 374 449 460 inlrascripto
465 376 625 444 cardinali
640 377 752 445 Sacrae
768 377 867 445 eidem
885 376 1125 462 congregationi
1143 377 1312 454 Praefecto,
1337 375 1499 460 proposita

251 480 366 546 tuerint
388 480 419 545 iu
443 481 608 549 ordinariis
631 482 774 550 comitiis
795 482 836 548 ad
860 482 1048 548 Vaticanum
1078 481 1261 565 subsignata
1283 479 1332 546 die
1356 480 1498 556 habitis;

253 585 321 652 limi
345 586 376 651 et
400 585 470 652 Rmi
495 586 604 653 Patres
627 585 729 653 Sacris
752 586 877 653 tuendis
907 585 1031 652 Ritibus
1056 585 1241 671 praepositi,
1271 585 1413 651 omnibus
1438 603 1496 648 ac·

250 693 358 756 curate
380 690 546 774 perpensis,
569 691 614 756 sic
636 691 802 758 rescribere
824 691 886 765 rati
910 693 1001 757 sunta

355 793 405 860 Ad
428 795 456 863 1.
491 793 696 863 Affirmative.

356 898 404 965 ed
427 899 469 964 11.
502 897 536 966 Si
555 904 668 984 agatur
689 900 727 965 de
743 901 834 968 unico
851 900 952 967 Alteri
970 900 1109 983 portatili
1124 897 1336 977 consecrando,
1356 897 1498 963 affirma·

251 1003 331 1081 tive3
355 1003 382 1069 si
404 1021 474 1069 uero
497 1006 610 1088 agatur
629 1004 666 1070 de
690 1005 831 1088 pluribus
853 1007 915 1071 aris
940 1005 1137 1088 portatilibus
1160 1001 1389 1079 consecrandis,
1416 1002 1497 1068 satis

251 1109 299 1173 est
319 1109 355 1172 ut
376 1107 544 1191 Episcopus
566 1108 658 1174 liniat
680 1112 838 1176 coemento
860 1109 977 1175 labium
994 1109 1127 1193 sepulcri
1143 1107 1233 1173 unius
1251 1109 1348 1183 Arae3
1371 1109 1402 1171 et
1417 1105 1495 1170 dum

251 1211 316 1296 ipsa
346 1211 541 1296 prosequitur
575 1212 606 1278 iu
635 1212 797 1280 Sacrarum
831 1213 1042 1298 Reliquiarum
1074 1212 1274 1297 repositione,
1306 1210 1496 1276 adsistentes

252 1313 433 1382 Sacerdotes
455 1315 596 1382 litturam
620 1319 651 1384 et
672 1319 820 1404 cuiusque
843 1317 975 1402 sepulcri
998 1318 1171 1383 clausuram
1196 1318 1356 1400 peragant.

356 1420 404 1485 Ad
428 1419 487 1486 111.
525 1419 616 1487 iuxta
641 1422 805 1490 Decretum
826 1423 858 1488 iu
882 1421 1036 1488 Vivarien.
1062 1421 1124 1486 diei
1147 1423 1198 1486 28.
1220 1419 1309 1486 Febr.
1331 1418 1423 1499 1880,
1449 1419 1496 1484 si·
1604 1470 1605 1511 3

252 1522 363 1607 gilium
380 1523 559 1609 Episcopala
583 1526 693 1610 apponi
715 1545 812 1610 posse,
836 1526 889 1592 sed
914 1544 973 1592 non
996 1526 1116 1594 debere.
1151 1526 1254 1610 Atque
1269 1525 1314 1590 ita
1330 1524 1496 1607 rescripsa·

252 1629 326 1694 runt
347 1629 378 1694 st
399 1627 596 1696 declararunt
620 1629 670 1696 dic
697 1631 745 1697 lo.
766 1631 842 1697 Maii
866 1630 961 1697 1890.

748 1791 783 1857 2.
828 1785 983 1856 aecum.

504 1917 608 1974 Dubia
628 1920 714 1974 cirea
733 1931 962 1988 campanarum
981 1919 1234 1976 benedictionem.

357 2028 530 2096 Hodiernus
554 2028 764 2096 Cancellarius
788 2029 898 2097 Curiae
914 2029 1105 2115 Episcopalis
1124 2028 1276 2096 Seduuen.
1293 2028 1331 2094 de
1348 2025 1495 2093 mandato

255 2132 326 2199 Rmi
351 2133 507 2219 Spiscopi,
539 2133 650 2200 Sacrae
680 2135 808 2200 Rituum
836 2134 1074 2220 Congregetioui
1095 2132 1291 2217 insequentia
1312 2131 1415 2197 Dubia
1439 2149 1497 2214 pro

252 2241 424 2322 opportuna
445 2239 596 2304 solutione
612 2238 788 2305 humillime
803 2239 945 2318 subiecit,
969 2238 1132 2305 nimirum:
1160 2236 1302 2303 »Rituale
1319 2237 1494 2302 Romanum

253 2341 399 2408 exhibens
419 2342 661 2409 benedictionem
683 2343 855 2427 simplicem
879 2362 1056 2428 campanae,
1080 2342 1167 2409 addit
1185 2343 1259 2407 base
1274 2342 1383 2407 verba:
1408 2341 1496 2423 Quae

253 2452 359 2514 umen
380 2447 424 2513 ud
443 2467 535 2514 usam
558 2447 720 2515 Ecclesiae
741 2469 805 2515 aon
825 2449 1007 2516 inserviat«
1052 2447 1135 2512 Hine
1154 2445 1330 2531 quaeritur:

357 2549 438 2618 Dub.
460 2552 486 2618 1.
522 2551 633 2618 Utrum
656 2553 776 2637 quoties
800 2552 1021 2618 benedicuntur
1045 2570 1223 2636 campanae,
1245 2568 1325 2635 quae
1348 2547 1386 2614 ad
1402 2567 1493 2614 usum

253 2653 459 2721 Seclesiarum
484 2657 533 2722 rel
556 2656 743 2722 Sacellorum
767 2656 954 2734 inserviunt,
977 2656 1169 2722 adhibendas
1192 2654 1257 2721 siut
1279 2655 1318 2719 ab
1345 2653 1495 2737 episcopo

252 2760 461 2826 caeremoniae
484 2765 516 2827 et
538 2760 697 2830 unctiones
720 2761 752 2825 iu
777 2760 952 2827 Pontifieali
978 2761 1115 2826 Romano
1137 2759 1369 2844 praescriptae?

279 2889 282 2894 ·
339 2863 398 2946 ‚aa
420 2866 571 2948 quatenus
595 2865 799 2932 affirmative.

356 2967 437 3036 Dub.
460 2969 503 3036 il.
537 2969 729 3052 Quibusnam
759 2969 918 3053 campanis
945 2969 1117 3036 benedictio
1144 2968 1273 3053 simplex
1295 2965 1417 3052 propris
1439 2965 1494 3031 ad·

254 3071 444 3138 iubeantur?
1343 3097 1344 3102 ¹

356 3175 399 3244 ut
427 3195 515 3243 sacra
544 3177 649 3242 eadem
681 3176 904 3262 congregatio,
940 3177 979 3242 ad
1012 3178 1190 3243 relationem
1221 3175 1410 3259 infrascripti
1437 3173 1494 3240 Se-

253 3279 395 3359 croterii,
428 3281 578 3367 exquisito
613 3283 683 3348 voto
717 3281 846 3348 alterius
879 3301 916 3347 er
946 3282 1192 3366 Apostolioarum
1224 3279 1492 3348 caeremoniarum

253 3382 427 3469 Magistriu
450 3387 496 3452 ita
518 3385 746 3452 rescribendum
769 3385 900 3466 censuit,
925 3386 1087 3456 uidelicet:

358 3486 406 3555 ud
429 3489 454 3557 1.
492 3489 697 3558 affirmative.

358 3591 408 3658 sd
429 3592 471 3658 ll.
498 3591 649 3660 Omnibus
665 3594 823 3678 campanis
841 3613 919 3677 quae
935 3593 974 3660 ad
991 3613 1079 3660 usuru
1097 3613 1218 3660 sacrum
1235 3614 1294 3661 nou
1313 3593 1495 3669 inserviunt,

253 3697 286 3762 et
308 3715 361 3780 pro
385 3695 433 3763 bis
456 3695 641 3764 adhibeatur
663 3699 781 3764 adnexa
801 3699 934 3764 formula
964 3701 1137 3781 nuperrime
1169 3700 1346 3782 approbate.
1392 3701 1496 3781 utque

253 3801 299 3866 ita
321 3799 479 3884 rescripsit
502 3805 534 3868 et
554 3801 724 3869 declaravit
746 3803 796 3868 die
819 3804 848 3868 4.
874 3803 981 3868 Martii
1007 3805 1099 3872 1892.

268 3955 450 4013 Benedictio
468 3959 600 4028 simplex
612 3973 715 4016 'venae
735 3973 908 4026 campanae
929 3974 1008 4031 garae
1027 3965 1133 4016 tumen
1151 3962 1193 4014 od
1217 3975 1307 4015 usam
1326 3959 1485 4014 Ecclesiae

753 4061 817 4100 nun
838 4048 1000 4102 inserviat.

357 4145 398 4225 ll.
423 4146 621 4214 Adiuterium
646 4150 782 4214 uestrum
806 4149 984 4216 innomine
1007 4149 1140 4216 Domini.

359 4251 400 4335 lt.
423 4249 484 4334 Qui
507 4251 581 4318 lecit
604 4253 725 4318 caelum
747 4255 780 4318 et
803 4257 929 4321 terram.

359 4357 408 4424 Ps.
433 4355 483 4423 50.
519 4355 665 4423 Miserere
690 4356 749 4423 mei
771 4357 863 4436 Deus,
887 4357 1054 4424 secundum
1079 4377 1223 4444 maguam
1248 4409 1255 4424 .
1279 4407 1286 4423 .
1311 4409 1317 4424 .

357 4459 409 4527 Ps.
430 4459 483 4528 53.
519 4459 602 4527 Deus
624 4461 656 4525 in
681 4461 802 4528 nominc
825 4464 879 4528 tuo
904 4511 911 4527 .
935 4514 943 4528 .
968 4514 975 4529 .

356 4563 408 4633 Ps.
432 4565 484 4630 56.
522 4564 667 4632 Miserere
689 4565 751 4631 mei
773 4565 866 4646 Deus,
889 4565 1034 4632 miserere
1059 4565 1119 4631 moi
1141 4617 1147 4633 .
1170 4615 1177 4630 .
1202 4613 1210 4632 .
