3120 4904
263 171 335 277 418Ι
374 195 410 254 H.
431 189 550 271 simper,
571 145 717 268 Bedtrdpe
732 215 789 254 aur
810 188 1003 270 Wbrddpuaap
1021 190 1077 254 der
1098 187 1446 254 bemoreeestsumrm.

366 371 497 441 &rosa
519 369 670 454 Stopbuesi
693 369 800 438 Oeneae
826 369 907 438 XX.
931 371 1055 454 Quaeri.
1079 370 1108 436 L

366 543 375 562 .
398 541 406 560 .
431 541 438 558 .
464 492 552 576 Quod
577 493 659 558 intra
681 511 776 558 annos
799 495 859 562 eto.
883 492 981 577 [Diot.
996 491 1084 560 Grat.
1101 493 1332 577 primoquest]
1355 491 1482 574 Quoniam

262 599 295 664 iu
319 598 378 664 baa
399 598 558 682 questione
581 596 725 662 videntur
746 595 877 682 quedam
901 597 1025 663 decreta
1046 597 1105 662 sibi
1136 596 1363 674 contradictore,
1394 595 1483 660 diatio-

262 701 419 786 guondum
441 705 498 782 est,
521 701 595 786 quia
623 719 740 778 sorum,
773 702 826 785 qui
856 700 896 766 ad
927 699 1148 768 monasterium
1182 703 1361 778 transeunt,
1395 699 1443 764 alii
1461 719 1483 763 so.

261 807 344 890 ipsos
366 805 509 884 oberunt,
532 804 586 871 alii
608 804 648 870 ab
673 804 743 870 aliis
763 804 942 872 offeruntur.
974 805 1032 889 Qui
1049 823 1081 870 se
1097 805 1180 889 ipsos
1195 803 1345 884 offerunt,
1367 807 1484 869 autsunt

261 909 391 994 puberes
412 911 468 976 aut
490 909 663 992 inpuberes.
709 907 742 974 si
764 909 893 993 puberes
914 911 997 991 sunt,
1018 910 1127 976 statim
1150 912 1220 974 ruta
1242 910 1293 974 est
1325 927 1428 974 eorum
1447 908 1485 971 ob

261 1014 346 1093 latio,
370 1031 425 1078 ueo
448 1012 582 1078 revocari
606 1014 744 1096 possuntt,
767 1014 830 1078 sive
853 1013 988 1080 habeant
1014 1015 1157 1098 parentes
1179 1013 1244 1078 sive
1275 1031 1351 1078 mon.
1397 1009 1428 1076 Si
1452 1012 1486 1074 in·

261 1119 392 1202 puberes
415 1119 488 1182 sant
510 1118 543 1182 et
566 1135 620 1181 neo
643 1119 784 1200 parentes
818 1136 874 1183 neo
907 1119 1026 1183 tutores
1053 1117 1188 1182 habeant
1216 1119 1249 1182 et
1279 1116 1349 1182 doli
1381 1135 1488 1199 capaneo

261 1221 385 1299 luerint,
408 1221 570 1305 postquam
593 1238 626 1284 se
647 1219 827 1304 optulerint,
851 1221 933 1285 exiro
957 1240 1016 1286 non
1038 1222 1175 1304 possunt.
1220 1218 1340 1302 Quodsi
1375 1219 1489 1286 nondun

261 1325 323 1392 doli
345 1343 473 1408 oapuoas
500 1323 622 1402 luerint,
653 1325 724 1388 anta
754 1324 948 1407 pubertatem
978 1325 1122 1389 videntur
1152 1342 1239 1407 posse
1267 1324 1356 1389 exire
1367 1326 1428 1406 Ν).
1466 1323 1489 1388 bi

261 1447 342 1509 vero,
365 1446 436 1494 oum
458 1431 601 1512 parentes
626 1427 672 1492 ael
695 1429 813 1494 tutores
835 1427 980 1508 babeant
1003 1427 1162 1514 roligionis
1184 1427 1331 1493 habitum
1368 1447 1490 1510 assump

261 1535 368 1611 serint,
392 1533 520 1616 possunt
542 1533 684 1615 parentes
706 1531 754 1596 vol
778 1533 895 1597 tutores
922 1531 1003 1598 inira
1025 1551 1140 1597 annum
1163 1533 1194 1597 et
1216 1531 1300 1597 diem
1320 1531 1358 1596 id
1380 1533 1413 1597 in
1431 1533 1490 1595 irni-

260 1639 327 1704 tum
351 1637 508 1714 denodare,
533 1637 639 1719 postea
654 1655 712 1701 nou
737 1638 874 1719 possunt.
920 1636 968 1701 Ab
983 1635 1055 1701 aliis
1078 1635 1179 1700 oberti
1197 1637 1391 1702 monasterio
1405 1636 1492 1700 nullus

260 1743 371 1826 potest,
395 1741 452 1805 nisi
477 1759 495 1804 a
517 1740 770 1824 parentibusue).
817 1739 897 1805 Item
920 1759 939 1805 a
961 1740 1142 1824 parentibus
1164 1739 1267 1805 offerri
1292 1759 1355 1806 non
1382 1741 1492 1824 possunt

262 1843 320 1909 nisi
344 1844 527 1928 impuberes.
573 1843 754 1926 Impuberes
778 1865 857 1928 erpo,
871 1837 943 1927 'qai
972 1865 993 1910 o
1016 1843 1203 1926 parentibus
1223 1844 1416 1924 offeruntur,
1446 1845 1493 1908 ulii

260 1953 333 2014 sese
354 1947 421 2014 doli
442 1967 582 2030 capaces,
606 1947 667 2012 alii
687 1967 758 2013 non.
791 1947 855 2030 Qui
872 1967 937 2014 aoso
951 1953 1024 2012 aunt
1038 1947 1103 2012 doli
1119 1966 1258 2030 napaeas,
1280 1950 1313 2012 oi
1329 1947 1495 2030 offensior

260 2071 283 2117 a
297 2051 495 2132 perminus,
516 2051 624 2118 mutim
645 2057 719 2116 roto
745 2052 805 2118 erit
826 2069 933 2118 eorum
954 2051 1078 2118 oblatio.
1132 2051 1195 2134 Qui
1216 2055 1321 2117 auam
1342 2058 1423 2118 suast
1443 2051 1496 2117 doli

261 2173 407 2238 capaces,
439 2157 495 2220 aut
524 2153 720 2220 consentiunt
748 2153 897 2220 oblationi
928 2158 1088 2238 pareutum
1119 2156 1174 2220 aut
1196 2155 1431 2221 contradicunt.
1471 2153 1497 2219 Si

260 2259 474 2336 consentiunt,
507 2257 587 2324 exire
618 2276 677 2325 nou
701 2259 847 2342 possunt;
878 2259 909 2324 ei
938 2257 1136 2340 offerentibus
1165 2258 1408 2338 obseruationem,
1440 2280 1496 2324 ann

258 2364 398 2431 emessa
419 2362 463 2428 od
491 2361 566 2430 XV.
593 2383 720 2442 annum,
741 2363 960 2446 interropaadi
981 2369 1055 2430 sunt
1075 2363 1115 2428 ob
1136 2361 1260 2440 abbate,
1287 2383 1329 2428 aa
1352 2362 1453 2428 veliet
1472 2361 1497 2424 a's

260 2467 448 2534 monostm'o
460 2486 658 2548 permonere.
688 2465 725 2532 Si
739 2466 881 2532 dixerint
896 2485 930 2532 ee
944 2465 1029 2544 aelle,
1049 2486 1114 2532 noa
1128 2466 1198 2532 lieet
1213 2467 1259 2532 eis
1273 2465 1365 2531 ultra
1385 2466 1498 2550 reprobi,-

259 2572 289 2638 εἰ
311 2577 414 2654 aetem
433 2571 574 2638 diemisst
590 2591 625 2636 se
641 2570 733 2648 nolle,
751 2576 887 2652 paoem
908 2570 1013 2653 apert·
1033 2571 1141 2636 atatim
1162 2571 1257 2636 eliam
1270 2571 1372 2636 inorbo
1387 2571 1497 2635 abbate.

161 2715 165 2724 ·
234 2675 322 2741 -Sed
341 2677 406 2742 eive
427 2676 655 2758 interropentoar
681 2675 747 2740 siae
767 2696 842 2755 asoa,
865 2675 1143 2757 eipermooaserint
1160 2673 1246 2740 altro
1269 2673 1347 2740 XV.
1373 2694 1497 2745 asem

258 2798 320 2844 aoso
342 2778 413 2846 lieet
434 2780 481 2846 eie
502 2779 589 2844 ultro
609 2779 714 2862 eyredi
728 2777 781 2865 181)
804 2827 812 2844 .
836 2829 845 2846 .
870 2828 877 2843 .
902 2827 909 2844 .
934 2777 995 2844 Zur
1020 2778 1114 2844 Palea
1135 2797 1161 2844 e.
1186 2777 1226 2843 10
1250 2777 1279 2842 b.
1303 2796 1333 2861 q.
1359 2777 1498 2843 bemerlt

258 2881 417 2966 Stephana
446 2881 506 2947 Hie
536 2881 672 2965 loquitur
703 2882 742 2948 de
771 2882 840 2962 bis3
872 2884 925 2966 qui
954 2881 1124 2948 offeruntur
1154 2881 1317 2964 inpuberes
1352 2881 1414 2946 aed
1445 2879 1497 2944 doli

259 3004 386 3070 oapaoos
416 2989 448 3052 ot
476 2985 676 3052 offerentibus
706 2987 944 3062 oontradiount;
979 2987 1027 3060 uel
1058 2985 1154 3052 otiam
1184 2985 1222 3050 de
1253 3003 1312 3050 non
1334 2985 1498 3069 capacibus

260 3089 339 3169 doli,
361 3090 415 3174 qni
437 3089 477 3155 ab
499 3089 571 3156 aliis
591 3109 683 3174 quam
706 3109 726 3155 a
747 3091 927 3174 parentibus
948 3089 1138 3166 obteruntur,
1165 3089 1246 3155 siout
1268 3107 1287 3153 a
1309 3089 1437 3172 patruis
1458 3087 1497 3152 nel

260 3211 279 3258 a
299 3193 447 3259 fratribus
459 3196 522 3280 ¹⁸⁸).

363 3435 423 3505 185)
444 3435 538 3490 Dieser
555 3434 619 3504 Sata
638 3433 810 3504 (Quodsi...
831 3433 912 3504 exire)
929 3433 1006 3490 steht
1023 3435 1061 3490 im
1077 3433 1142 3492 cod.
1162 3433 1348 3508 Stephdlon.
1368 3433 1492 3489 irrtlaum

257 3521 312 3578 lien
331 3537 378 3578 vor
394 3522 455 3578 dem
472 3523 727 3594 norbergebendenr
751 3523 780 3578 Si
800 3522 943 3592 inpuberes
964 3525 1030 3578 sunt
1051 3527 1117 3588 etna
1136 3525 1208 3580 statt
1224 3521 1343 3578 nondum
1364 3523 1426 3578 bier
1443 3538 1494 3576 non.

363 3625 423 3695 188)
443 3625 509 3680 Hier
525 3625 643 3682 eohaltot
660 3625 919 3698 conseptum.
937 3625 1137 3682 uaolnstebende
1152 3626 1232 3684 satas
1246 3625 1297 3690 eiu,
1317 3625 1423 3681 welche
1435 3623 1494 3680 roobl

258 3711 310 3768 deu
321 3710 416 3766 Iubalt
430 3729 481 3768 non
495 3711 682 3782 Randgloseen
694 3711 887 3783 wledergebon,
906 3713 949 3768 dis
964 3713 1048 3768 dnnob
1060 3711 1112 3768 deu
1125 3712 1246 3768 Irrtbum
1258 3712 1330 3768 eines
1344 3711 1492 3768 Sebreabeu

258 3798 285 3852 iu
305 3798 357 3852 deu
375 3797 444 3853 'l'out
461 3798 614 3854 sumanus
633 3797 740 3855 lauden.
766 3791 908 3864 »Interesb
927 3801 1020 3854 utrum
1036 3799 1140 3870 aliquid
1160 3801 1284 3868 parentes
1304 3799 1417 3854 aornim
1436 3797 1491 3866 legi

258 3884 326 3940 time
343 3900 393 3953 pro
410 3885 529 3954 paruulis
548 3886 659 3942 ecclesie
676 3885 806 3954 offerant;
825 3903 889 3942 nam
907 3889 1000 3956 postea
1016 3885 1055 3940 nil
1075 3884 1150 3941 aliud
1167 3887 1259 3954 petere
1273 3887 1377 3952 potest.
1397 3885 1427 3940 Si
1441 3899 1491 3938 reae

258 3970 299 4025 ull
318 3970 428 4026 eoelesie
446 3971 560 4027 offerant
576 3988 625 4027 neo
642 3972 714 4028 iuter
731 3971 806 4028 vivon
830 3989 879 4028 neo
906 3972 1002 4028 mortis
1022 3987 1104 4028 oauee
1128 3971 1287 4027 donaverint
1314 3971 1437 4042 aliquid.
1459 3985 1491 4024 ae

258 4056 340 4112 alesia
359 4057 465 4112 nomine
483 4057 533 4112 fibi
551 4059 629 4127 qnasi
647 4057 681 4113 ab
697 4057 830 4114 intmtato
847 4061 939 4129 petere
957 4061 1075 4129 potest«

258 4247 300 4302 R·
319 4245 336 4301 d
357 4159 422 4302 llb'l)
440 4161 478 4218 Zu
496 4159 584 4218 dieser
601 4160 713 4217 Stella
705 4179 742 4218 nm
762 4160 825 4218 Cod
843 4161 938 4233 Stepb.
951 4161 1045 4218 Bamb.
1064 4161 1131 4218 die'
1122 4177 1151 4216 nn
1165 4160 1235 4222 Note
1248 4161 1297 4216 181
1314 4159 1490 4232 aageomeua

300 4264 317 4301 n
338 4263 436 4317 posse.

363 4349 422 4418 188)
441 4351 545 4406 Διιᾶοη
564 4351 608 4407 die
625 4351 668 4408 (11.
687 4351 771 4408 ordin.
790 4353 872 4422 prino.
892 4355 980 4422 quest.
997 4352 1052 4408 und
1071 4353 1097 4407 b.
1116 4353 1151 4418 1.,
1175 4351 1276 4407 welche
1301 4351 1390 4407 dimas
1407 4349 1489 4418 Caput

259 4437 448 4566 {sungrbeserer
467 4435 627 4506 Bedeutung
648 4436 784 4507 gelengen
804 4437 889 4504 laert,
916 4437 957 4493 ele
981 4437 1087 4494 Boland
1111 4437 1166 4492 und
1190 4435 1330 4506 Stephon,
1356 4437 1421 4492 oder
1446 4450 1490 4504 aar

323 4530 348 4569 n.
