3228 4908
378 196 439 254 Leo
460 193 546 254 Xlil.
566 198 608 252 ud
624 199 717 267 episc.
736 193 806 252 itui.
825 199 862 252 de
881 197 964 252 secto
981 193 1169 252 messenios.
1333 171 1393 246 147

149 371 276 436 liractos
300 369 408 434 horum
429 369 557 452 spiritus
580 369 725 436 attollere
748 387 872 434 necessa
894 371 952 447 est,
977 367 1178 434 traducendis
1195 368 1394 454 cogitationi·

150 476 208 540 bus
231 475 268 539 ad
292 473 428 556 exempla
455 473 618 556 majorum,
643 473 682 538 ad
706 474 865 539 custodem
889 473 983 538 oflicii
1006 475 1039 538 et
1061 472 1243 556 dignitatis,
1268 465 1394 538 tortitu-

150 579 263 657 dinem,
288 580 324 643 nt
347 578 453 662 pigeat
475 579 598 644 omniuo
620 597 656 644 ao
679 577 794 661 pudeat
818 578 917 643 faeere
939 563 1104 661 quicquam
1129 581 1185 642 aut
1207 576 1314 668 iecisse
1334 595 1394 642 nen

151 683 291 748 viriliter.
338 683 393 748 llst
414 685 494 748 enim
520 683 584 747 rita
606 686 713 748 nostra
736 682 834 746 omnis
866 681 988 749 cuidam
1013 681 1206 748 dimicationi
1229 682 1395 765 proposita,

149 789 181 851 in
210 805 272 870 qua
306 787 437 852 maxime
468 785 506 852 de
540 786 641 852 salute
670 786 866 864 decernitur,
902 785 1041 869 nihilque
1074 785 1191 852 homini
1226 785 1396 852 christiano

149 893 281 973 turpius,
306 909 399 973 quam
423 890 597 957 claudicare
620 891 651 956 in
675 890 776 956 otticio
800 892 923 973 propter
943 891 1113 974 ignaviam.

257 995 376 1060 Pariter
395 995 537 1059 omnibus
560 995 660 1060 modis
683 994 840 1074 fulciendi,
865 994 917 1077 qui
941 1013 994 1077 per
1017 993 1256 1076 imprudentiam
1281 995 1394 1064 ruunt:

150 1100 187 1164 de
203 1099 240 1165 iis
256 1099 472 1182 intelligimus,
498 1117 553 1163 nec
571 1099 679 1183 exiguo
697 1118 832 1174 numero,
856 1099 909 1181 qui
926 1098 1123 1164 simulatione
1141 1097 1223 1182 capti
1241 1098 1394 1181 variisque

150 1203 303 1268 illecebris
326 1203 465 1279 deliniti,
488 1203 605 1287 illigari
628 1222 661 1268 se
684 1203 832 1268 societate
858 1203 1033 1268 llassouiea
1059 1203 1183 1280 sinunt,
1209 1203 1297 1268 inscii
1321 1202 1395 1286 quid

150 1311 256 1391 agant.
290 1307 334 1372 De
359 1308 406 1371 bis
428 1326 542 1391 magua
566 1327 635 1390 spes
651 1326 716 1372 esse
734 1308 834 1385 debet,
857 1306 1054 1372 venerabiles
1071 1308 1204 1384 Fratres,
1229 1306 1395 1390 aliquando

154 1413 215 1476 Dee
239 1412 396 1495 aspirante
419 1429 506 1494 posse
529 1431 661 1476 errorem
695 1411 844 1494 deponere
876 1413 907 1475 et
938 1431 1010 1476 vera
1041 1429 1182 1490 cernere,
1214 1411 1347 1476 maxime
1369 1410 1396 1475 si

151 1534 220 1593 vos,
250 1515 331 1599 quud
362 1515 560 1580 uehementer
587 1535 751 1599 rogamus,
781 1515 964 1580 studueritis
996 1515 1100 1580 fictam
1133 1519 1235 1580 sectae
1262 1515 1395 1599 speciem

150 1619 322 1696 detrahere,
348 1623 381 1684 et
404 1619 526 1684 occulta
547 1619 744 1684 conciliorum
769 1623 918 1704 retegere.
964 1619 1158 1702 Quamquam
1182 1619 1257 1685 baec
1281 1639 1318 1684 ne
1341 1638 1391 1683 oc-

150 1725 235 1788 culta
254 1724 379 1806 quidem
403 1742 484 1789 nnuc
508 1723 603 1787 videri
626 1728 763 1807 possunt,
788 1727 987 1807 posteaquam
1012 1723 1138 1807 ipsimet
1157 1722 1270 1788 conscii
1288 1723 1395 1788 moltis

151 1828 249 1892 susidis
272 1827 441 1911 prodidere.
491 1828 547 1892 llis
579 1827 653 1911 ipsis
682 1829 846 1910 postremis
875 1828 1034 1892 mensibus
1065 1827 1172 1894 audita
1205 1829 1317 1897 iterum
1341 1847 1395 1912 per

149 1932 277 1997 Italiam
305 1951 359 1997 vor
391 1933 438 1996 est
469 1932 599 1998 consilia
632 1932 809 1997 Massouum
842 1951 938 2015 usquc
967 1931 1006 1996 ad
1035 1933 1275 1998 ostentationem
1303 1931 1394 2015 uulgo

150 2037 325 2102 enunciata.
372 2036 537 2119 Repudiari
560 2035 700 2101 funditus
724 2036 904 2119 religionem
935 2037 998 2102 Deo
1030 2040 1155 2102 anctore
1180 2037 1393 2115 mustitutam,

151 2144 245 2223 atque
275 2140 378 2205 omnia
406 2158 476 2204 cum
507 2141 629 2222 privata
653 2142 719 2205 tum
744 2140 870 2223 publica
892 2141 984 2205 meris
1007 2141 1213 2207 naturalismi
1236 2139 1394 2223 principiis

151 2245 362 2310 administrari
380 2245 502 2311 volout:
521 2245 611 2328 idque
626 2245 882 2310 instaurationem
897 2245 1054 2310 societatis
1072 2245 1172 2310 ciuilis
1187 2244 1280 2327 impis
1300 2244 1393 2309 simul
1452 2230 1453 2233 ¹

151 2369 187 2414 ao
215 2349 312 2414 stulte
341 2349 508 2432 appellunt.
553 2348 620 2430 Quo
651 2349 748 2433 igitur
780 2349 1022 2432 praecipitatura
1051 2348 1179 2425 civitas,
1210 2348 1237 2414 si
1268 2347 1395 2430 populos

151 2453 342 2519 christianus
361 2473 417 2518 non
442 2453 596 2518 induxerit
618 2454 755 2517 animum
771 2453 913 2536 vigilare,
934 2453 1084 2529 laborare,
1104 2451 1199 2516 saluti
1214 2451 1396 2516 consulere?

256 2555 363 2623 Sedis
380 2558 585 2622 tartarorum
604 2558 755 2622 malarum
772 2557 909 2634 audacia,
931 2575 983 2622 nes
998 2557 1076 2621 satis
1097 2560 1145 2622 est
1167 2574 1273 2621 canere
1292 2557 1395 2620 saetae

149 2661 330 2727 teterrimas
352 2661 500 2726 iusidias:
535 2660 613 2725 iliud
645 2679 765 2745 quoque
801 2660 1025 2739 necessarium,
1058 2677 1215 2743 capessere
1238 2679 1394 2742 pugnarn:

148 2765 244 2848 idque
267 2765 399 2848 sumptis
421 2785 440 2830 a
463 2765 521 2830 tide
544 2765 650 2829 divina
674 2765 768 2830 armis
793 2765 831 2828 iis
854 2765 939 2848 ipsis,
966 2782 1046 2848 quae
1067 2763 1140 2829 olim
1163 2766 1270 2829 eontra
1292 2763 1391 2831 etbui-

149 2871 283 2936 cisnaem
316 2869 487 2936 valuerunt.
539 2869 732 2952 Quapropter
763 2872 898 2934 uestrum
928 2871 996 2946 cst,
1031 2867 1230 2934 Venerabiles
1260 2867 1394 2946 Fratres,

150 2973 318 3039 accendere
339 2973 489 3050 suasione,
515 2974 649 3052 hortatu,
674 2972 811 3056 exemplo
833 2973 970 3049 animum
1001 2973 1087 3038 etin
1111 2972 1201 3038 clero
1223 2971 1394 3056 populoque

151 3081 256 3142 nostro
279 3076 417 3142 studium
440 3077 598 3160 religionis
619 3077 788 3161 salutisque
812 3078 913 3142 fovere
936 3096 1113 3160 operosum,
1145 3079 1304 3155 constans,
1335 3075 1394 3142 im·

151 3181 313 3266 pauidum,
337 3181 509 3264 cujusmodi
531 3181 611 3264 apud
638 3183 804 3248 catholicos
825 3201 860 3246 ex
883 3182 1030 3265 gentibus
1052 3183 1164 3246 ceteris
1185 3181 1217 3246 in
1240 3180 1395 3246 similibus

151 3286 270 3350 caussis
291 3286 373 3350 haud
400 3304 467 3350 raro
491 3285 631 3350 videmus
654 3285 830 3351 enitescere.
886 3287 1034 3352 Auderem
1057 3285 1151 3350 animi
1178 3285 1340 3366 pristinum
1364 3285 1394 3349 in

151 3389 212 3454 lide
235 3390 320 3455 avita
343 3390 478 3467 tuenda,
503 3389 595 3473 vulgo
618 3391 706 3454 aiunt
729 3391 808 3473 apud
835 3391 932 3454 ltalas
955 3393 1064 3474 gentas
1086 3389 1284 3458 deferbuisse.
1329 3388 1396 3454 Nee

151 3493 282 3559 tortasse
306 3494 398 3558 ialse:
422 3495 582 3577 propterea
606 3494 733 3576 quodsi
757 3494 928 3560 animorum
953 3494 1080 3558 habitus
1101 3492 1257 3575 iutrimque
1273 3495 1393 3575 specte·

150 3602 214 3676 tur,
238 3597 307 3680 plus
327 3597 450 3682 quidem
474 3598 617 3663 videntur
639 3598 785 3664 adbibere
808 3597 1015 3666 contentionis
1034 3597 1087 3680 qui
1104 3597 1238 3662 inierunt
1253 3595 1394 3679 religioni

153 3702 290 3778 bellum,
322 3721 414 3784 quam
444 3703 497 3784 qui
528 3703 716 3785 propulsant.
764 3705 808 3766 At
836 3721 906 3767 vero
936 3702 1070 3766 salutem
1101 3700 1295 3784 cupientibus
1317 3699 1396 3766 uibil

152 3806 289 3871 medium
312 3806 394 3870 inter
416 3805 602 3871 laboriosum
625 3808 779 3872 certarnen
801 3807 855 3870 ant
878 3807 1049 3873 interitum.
1086 3805 1195 3888 ltaque
1211 3804 1241 3870 in
1261 3804 1395 3870 socordi·

153 3911 211 3975 bus
232 3914 264 3973 et
285 3909 444 3993 languidis
457 3910 629 3987 excitanda,
654 3910 738 3976 vobis
756 3909 978 3988 adnitentibus,
1004 3911 1102 3974 virtus
1116 3911 1178 3974 est:
1202 3909 1234 3974 in
1249 3909 1393 3986 strenuis,

152 4013 285 4079 tuenda:
309 4013 486 4097 pariterque
508 4014 591 4079 omni
614 4013 812 4078 dissidiorum
834 4014 968 4081 extincto
991 4014 1116 4090 semiue,
1141 4011 1338 4078 efficiendum
1357 4012 1394 4074 ut

152 4117 250 4182 dnetu
273 4117 479 4201 auspiciisque
502 4117 612 4182 restris
636 4136 697 4184 una
720 4136 824 4183 ornnes
856 4119 958 4183 mente
988 4117 1156 4200 eademque
1178 4114 1343 4199 disciplina
1365 4114 1396 4179 in

152 4223 310 4286 certamen
331 4222 468 4287 animose
490 4221 688 4290 descendant.

257 4323 421 4391 (inanitate
438 4326 490 4403 rei,
508 4326 748 4409 prohibendique
764 4325 892 4409 periculi
911 4325 1095 4390 necessitate
1108 4323 1278 4406 perspecta,
1295 4323 1396 4405 ipsum

153 4427 265 4494 Italiae
290 4429 434 4512 populum
457 4431 640 4513 compellare
664 4430 776 4496 litteris
798 4430 999 4495 decrevimus.
1029 4464 1070 4476 -
1102 4429 1160 4492 llas
1189 4428 1314 4494 litteras
1337 4447 1397 4494 una

152 4549 224 4596 cum
248 4533 297 4597 his
317 4533 356 4596 ud
380 4552 440 4612 ros,
467 4534 664 4600 venerabiles
690 4534 822 4613 Fratres,
846 4534 1021 4598 curavimus
1038 4531 1250 4615 perimendas:
1274 4531 1395 4615 eritque

1230 4633 1296 4701 10*
