3168 4898
654 645 776 728 ΧΧΧΙΙ.

104 799 288 882 {incretum
315 821 345 882 o
371 801 482 883 tilioli
509 805 607 884 circa
633 823 767 885 causas
795 802 1088 884 matrimoniorum
1117 803 1249 884 mixtae
1276 824 1330 884 re·

638 925 783 1025 liqionio.

292 1077 350 1146 (Νι.
368 1081 384 1134 5
403 1078 451 1134 deo
469 1079 572 1135 Kirehl.
594 1080 738 1150 duueigero
756 1079 800 1134 lilr
817 1077 860 1134 die
878 1077 1034 1134 Endidoose
1053 1076 1139 1148 coto.)

200 1233 289 1298 lllme
311 1236 343 1299 et
368 1235 444 1300 Rme
469 1235 606 1301 Domine.
654 1236 779 1302 Litteris
808 1235 859 1301 die
891 1236 941 1301 18.
976 1233 1153 1300 Decembris
1181 1233 1262 1298 1891
1295 1233 1333 1297 od

74 1334 230 1400 'Ssmum
277 1337 315 1402 D.
339 1339 377 1404 N.
400 1339 531 1404 Leonem
554 1340 643 1408 Xlll.
673 1340 754 1405 datis
785 1338 968 1422 Amplitudo
991 1339 1057 1404 Tua
1081 1357 1141 1402 unu
1167 1356 1238 1403 cum
1262 1337 1337 1403 Tuis

96 1439 305 1524 Sudragoneis
327 1446 398 1524 post
418 1443 571 1527 descripto
591 1445 775 1527 gravissimu
797 1442 990 1509 incommoda
1007 1461 1085 1526 quae
1101 1460 1136 1506 ex
1152 1441 1253 1507 causis
1269 1460 1336 1506 ma·

96 1545 341 1621 trimoniulibus‚
365 1546 531 1630 inquibus
555 1547 741 1614 declaranda
763 1547 909 1613 nullitate
932 1546 1198 1612 matrimoniorum
1223 1546 1337 1610 mixtae

96 1648 255 1732 religionis
278 1649 412 1715 ciuiliter
434 1654 555 1716 tanturn
579 1651 725 1718 initorum
749 1651 872 1736 egitur,
903 1651 934 1715 iu
967 1650 1032 1716 dies
1056 1650 1253 1734 proveniunt,
1283 1669 1336 1733 po-

97 1752 196 1834 poscit
218 1754 242 1818 l.
271 1754 341 1838 quis
372 1754 414 1820 sit
442 1754 616 1822 ordinarius
648 1774 751 1821 corum
781 1775 841 1840 quo
864 1772 1021 1838 processus
1045 1753 1219 1832 huiusmodi
1243 1753 1335 1818 insti·

96 1856 229 1922 tuendus
252 1859 302 1938 sit,
327 1858 368 1923 ll.
390 1877 451 1943 qua
471 1859 641 1925 summaria
665 1859 785 1925 ratione
808 1859 889 1924 idem
912 1876 1073 1942 processus
1096 1857 1210 1922 instrui
1232 1858 1337 1923 uolent

97 1963 219 2042 praeter
245 1981 366 2026 normas
396 1963 427 2026 in
463 1963 663 2029 Benedictinu
693 1963 913 2029 constitutione
943 1962 1156 2046 praestitutos.
1202 1962 1245 2028 Ro
1265 1961 1338 2026 dili·

98 2068 207 2147 genter
222 2064 359 2130 discusso
373 2066 406 2132 in
422 2068 660 2151 congregatione
675 2067 812 2150 generali
832 2067 850 2134 t.
871 2066 907 2132 V.
925 2067 991 2132 loco
1008 2065 1060 2132 lV.
1078 2064 1140 2132 diei
1158 2065 1210 2132 30.
1224 2065 1337 2130 menois

98 2167 233 2250 proxime
256 2169 352 2253 elapsi
376 2169 444 2234 llmi
468 2171 527 2235 [ini
550 2171 730 2236 Cardinales
745 2190 807 2235 una
823 2189 942 2236 mecum
959 2170 1163 2252 inquisitores
1179 2169 1337 2250 generales

100 2272 340 2356 respondendum
357 2276 561 2339 censuerunt:
587 2274 626 2339 ad
642 2275 667 2340 1.
690 2274 844 2358 Coniuges
860 2274 892 2339 in
909 2275 1010 2339 causis
1026 2273 1192 2339 mixtarum
1210 2273 1334 2358 nuptia·

98 2395 165 2441 rom
189 2377 320 2443 subsunt
344 2377 507 2462 Episcopo,
540 2378 570 2442 in
603 2379 690 2444 cuius
719 2377 849 2444 dioecesi
874 2395 946 2461 pars
969 2376 1124 2442 catholica
1145 2376 1335 2443 domicilium

100 2479 209 2558 hebet;
239 2485 271 2546 et
297 2482 419 2565 quando
448 2483 538 2548 umbo
565 2487 639 2548 sunt
660 2481 825 2558 catholici,
857 2481 931 2566 quio
952 2499 1023 2564 pars
1048 2481 1204 2546 haeretico
1224 2481 1255 2546 io
1280 2481 1337 2546 lic·

99 2583 209 2649 elesino
232 2585 333 2650 sinum
357 2604 479 2651 reuersa
499 2589 556 2664 est,
580 2586 712 2651 subsunt
735 2584 894 2669 Episcopo,
918 2587 949 2649 in
973 2585 1060 2650 cuius
1084 2585 1213 2650 dioecesi
1237 2584 1335 2650 dorni·

99 2686 193 2752 cilum
221 2688 315 2753 habet
340 2691 480 2756 moritus.
532 2688 572 2754 ad
602 2689 645 2756 Il.
676 2688 918 2773 Supplicaodom
946 2687 1035 2756 Semo
1063 2707 1117 2772 pro
1145 2688 1264 2774 gratia,
1297 2689 1335 2754 ad

98 2791 358 2876 quinquennium,
392 2793 555 2858 dummodo
586 2811 741 2876 nunquam
764 2791 888 2859 deficiet
910 2793 1100 2858 matrimonii
1124 2792 1264 2858 defensor
1284 2793 1338 2877 qui

99 2915 223 2963 munere
246 2915 302 2962 ouo
322 2896 470 2980 fungetur
493 2899 531 2962 ad
555 2896 697 2962 tramites
726 2897 819 2976 iuris,
851 2899 883 2962 et
910 2896 1194 2963 extraiudieiolibus
1226 2897 1336 2962 saltem

98 3001 177 3066 actis
204 3003 297 3084 atquo
329 3000 411 3065 omui
443 3001 504 3066 alio
536 3020 597 3085 quo
624 3000 690 3065 fiori
726 3001 839 3084 poterit
872 3001 962 3066 modo
993 3000 1189 3085 suppleatur,
1225 3000 1270 3065 ita
1301 3003 1339 3067 ut

100 3123 254 3188 nunquam
288 3105 389 3170 desint
420 3104 523 3170 clarae
552 3105 829 3189 concludentesque
859 3106 1063 3188 probationes.
1114 3105 1184 3170 Tibi
1208 3123 1338 3171 vercae

99 3206 308 3292 Suffrogunoio
331 3207 406 3274 Tuis
430 3212 538 3293 perte
565 3208 802 3293 significandum
830 3209 1019 3275 mundarunt
1044 3209 1113 3274 Emi
1145 3210 1270 3288 Patres,
1300 3228 1338 3275 no

98 3313 224 3378 cessetis
244 3313 398 3379 deterrere
419 3312 562 3378 fidelesa
585 3313 767 3396 promiscuis
790 3313 950 3379 connubiis
973 3313 1107 3380 ciuiliter
1129 3313 1272 3379 ineundis
1291 3315 1338 3379 uti

99 3417 236 3500 grauiter
259 3417 395 3494 illicitis;
419 3419 453 3482 ut
476 3416 611 3483 doceatis
632 3417 726 3482 simul
748 3419 934 3501 opportune,
959 3418 1084 3502 gravius
1107 3419 1201 3483 etiam
1225 3417 1339 3483 illicito

98 3540 166 3586 esso
191 3520 264 3602 illo,
298 3540 376 3604 quoe
408 3539 511 3587 coram
546 3520 719 3586 acatholico
747 3521 889 3586 ministro
910 3521 1151 3590 contrahuntur:
1185 3523 1218 3586 ot
1249 3539 1336 3606 prae·

97 3625 305 3708 sumptionem
328 3627 411 3690 otone
433 3643 491 3690 non
514 3644 567 3708 pro
591 3624 753 3702 nullitate,
783 3624 845 3690 imo
877 3643 948 3690 vero
979 3643 1033 3707 pro
1063 3623 1226 3715 validitate
1252 3627 1338 3691 utro·

98 3748 227 3813 rumque
248 3729 533 3807 matrimoniorum,
556 3731 587 3794 ct
610 3728 641 3792 in
663 3727 784 3795 casibus
809 3727 1035 3794 diiiic'rlioribuo
1057 3727 1277 3794 recurrendum
1299 3729 1338 3794 ud

99 3833 131 3898 S.
165 3831 284 3899 Sedcm.
346 3832 432 3915 Quae
467 3832 591 3916 quidem
627 3832 731 3897 omnio
764 3849 833 3896 cum
865 3851 884 3896 u
918 3831 1007 3898 Sumo
1040 3832 1134 3898 Patre
1167 3832 1339 3915 adprobato

100 3937 232 4018 tuerint,
263 3954 300 4001 eu
327 3955 396 4000 oum
420 3935 635 4018 Amplitudine
658 3934 726 4000 'luo
748 3935 975 4001 communicare
994 3954 1142 4020 proper03
1174 3954 1209 4001 ac
1239 3935 1337 4002 Qum

100 4058 191 4125 rogo,
222 4043 258 4106 ut
280 4039 324 4106 Te
347 4039 400 4104 diu
422 4040 568 4124 sospitem
591 4047 693 4104 cerret
714 4037 969 4124 incolumemque.
1011 4039 1078 4106 Dno
1100 4039 1338 4124 Archiepiscopo

99 4143 253 4210 Colomm.
275 4144 498 4228 amplitudinis
513 4143 598 4208 Tuae
613 4142 844 4210 addictissimus
860 4145 890 4208 in
909 4144 1049 4221 Domino,
1071 4144 1178 4231 (sigo.)
1192 4144 1227 4212 R.
1245 4143 1336 4216 Oord,

101 4248 248 4316 Menoec.
296 4249 418 4327 Remea,
439 4249 489 4312 die
511 4249 541 4316 2.
564 4246 643 4312 Julii
668 4246 762 4313 1892.

569 4405 875 4420 -ο-ι--ι--φ-
