3228 4908
263 189 322 253 130
573 207 685 276 Conpr.
705 207 781 275 Epp.
798 212 826 261 el
848 207 917 276 Rep.
936 209 964 262 d.
985 211 1010 262 4.
1030 209 1106 264 Nou.
1125 207 1201 264 1892

362 379 404 445 Ut
426 397 496 445 vero
520 379 592 443 talis
615 381 768 447 sententia
786 381 900 465 judicis
915 381 1117 446 ecclesiastici
1134 381 1262 446 allectus
1278 381 1386 445 civiles
1404 382 1505 446 sontir
1591 404 1592 411 ι

259 486 362 567 queat,
385 483 565 566 praesertim
588 485 686 568 quoad
710 487 953 570 repudiationem
976 487 1174 569 paternitatis
1197 485 1279 550 circa
1306 484 1387 549 lilios
1412 487 1503 550 adul-

258 587 382 665 terinos
408 589 576 672 lucrumque
599 589 803 656 exclusionem
826 608 845 654 a
868 593 955 672 parte
978 592 1011 654 et
1032 589 1119 656 bonis
1143 589 1236 672 prolis
1259 589 1430 672 legitimae,
1455 589 1502 653 lex
1590 593 1591 596 ’

258 691 358 756 ciuilis
381 711 441 756 non
464 691 547 757 aliud
572 694 751 776 suppeditat
773 693 908 760 medinm
929 692 1037 759 efficax
1059 713 1150 776 quam
1175 693 1341 758 diuortium
1368 693 1473 758 ciuile.
1590 705 1591 710 ’

364 795 447 860 Unde
473 795 633 860 lldnerdus
666 797 802 862 lamiliae
824 815 899 862 snae
922 797 1021 863 decori
1046 799 1078 863 et
1101 796 1179 862 bono
1202 797 1361 880 prouidere
1383 798 1504 870 rolens,

257 899 296 964 ad
320 901 472 965 actionem
497 917 550 982 pro
573 901 783 985 consequendo
804 902 934 967 diuortio
954 901 1038 966 cirili
1061 919 1215 967 recurrere
1237 901 1367 985 cogitat.
1403 901 1503 966 Nullo

258 1004 347 1069 modo
370 1005 474 1068 tamen
500 1002 655 1069 vinculum
678 1007 900 1072 sacramentale
924 1005 1099 1090 infrangere
1122 1009 1177 1071 aut
1200 1023 1345 1070 nouarum
1371 1007 1500 1088 nuptia·
1591 1052 1592 1067 t

258 1127 325 1173 rum
355 1109 531 1174 libertatem
558 1127 612 1192 pro
642 1127 674 1174 se
704 1113 760 1176 ant
791 1130 845 1194 pro
871 1109 999 1193 indigna
1023 1110 1150 1175 muliere
1174 1109 1373 1194 praetendere
1398 1113 1502 1192 putat,

258 1217 383 1295 paratus
403 1214 597 1297 caeteroquin
620 1213 715 1278 talem
739 1213 940 1280 intentionem
964 1214 1140 1279 authentice
1166 1232 1267 1279 coram
1294 1213 1431 1278 Paroclro
1452 1217 1502 1278 uel

258 1315 406 1400 Episcopo
430 1315 611 1382 confirmare
634 1319 666 1382 et
689 1317 854 1383 declarare.

360 1419 436 1484 Cum
458 1421 578 1503 saepius
603 1439 621 1487 a
644 1421 674 1486 S.
698 1421 776 1487 Sede
799 1421 991 1488 declaratum
1015 1422 1057 1488 sit
1081 1422 1312 1488 matrimonium
1339 1421 1429 1486 ciuile
1456 1423 1501 1486 nil

258 1524 341 1590 aliud
369 1524 545 1608 significare
574 1544 667 1608 quam
697 1544 811 1592 meram
842 1525 1017 1611 nudamque
1040 1526 1263 1592 caeremoniam
1287 1544 1341 1591 seu
1365 1525 1500 1591 lormam

257 1647 336 1713 quae
360 1630 477 1693 nullum
501 1629 707 1695 conscientiae
730 1630 884 1696 uinculum
913 1633 967 1697 aut
996 1631 1215 1712 obligationem
1240 1630 1368 1694 condere
1389 1633 1500 1713 queati
1591 1692 1592 1727 3

260 1732 419 1798 ilduardns
439 1733 545 1798 itidem
567 1733 661 1799 etiam
685 1733 717 1798 in
739 1733 870 1800 divortio
893 1734 978 1800 civili
1001 1733 1077 1799 nibil
1102 1729 1185 1799 aliud
1207 1752 1243 1798 nc
1266 1734 1360 1797 talem
1381 1732 1499 1797 nudam
1590 1811 1591 1816 ἵ

258 1837 479 1902 caeremoniam
501 1837 693 1916 considerat,
723 1857 801 1922 quae
832 1838 966 1904 ciuiliter
996 1837 1130 1903 destruit
1156 1836 1284 1902 effeetus
1307 1837 1386 1920 quod
1410 1837 1499 1920 prius

257 1941 435 2006 condiderat
457 1959 542 2006 mera
566 1943 742 2008 contractus
765 1943 864 2008 civilis
888 1942 1096 2020 caeremonia;
1120 1941 1209 2020 unde,
1233 1942 1328 2006 simili
1342 1941 1422 2026 jure,
1446 1941 1498 2005 di-

258 2045 374 2110 votinm
398 2045 487 2111 civile
515 2045 718 2112 eonscientiae
742 2046 984 2132 obligationibus
1017 2066 1071 2112 nec
1101 2045 1213 2112 addere
1242 2046 1409 2130 quidquam
1441 2065 1501 2110 nec

256 2147 418 2215 detrahere
441 2149 499 2233 ipsi
524 2149 663 2228 videturr
695 2149 819 2234 proinde
850 2152 987 2218 ordinem
1021 2168 1103 2216 mere
1131 2150 1253 2216 civilem
1281 2153 1313 2214 et
1335 2154 1498 2215 externum

256 2255 414 2337 spectans,
444 2253 615 2337 quamlibet
640 2255 753 2320 vinculi
775 2254 1008 2321 sacramentalis
1031 2253 1198 2320 laesionem
1220 2271 1273 2320 sen
1299 2254 1499 2320 violationem

256 2375 394 2441 expresse
416 2358 535 2442 respuit
557 2361 589 2422 et
613 2357 756 2438 excludit,
780 2378 848 2425 eum
873 2359 997 2427 diuortii
1018 2357 1118 2425 ciuilis
1139 2357 1265 2423 effectus
1287 2357 1429 2440 exquirit.

360 2461 461 2543 Quum
485 2461 558 2528 talis
586 2463 627 2528 sit
656 2463 751 2528 animi
781 2465 829 2528 sui
856 2464 1015 2548 dispositio
1039 2483 1075 2529 ac
1097 2462 1288 2529 considerata
1314 2465 1498 2545 praesertim

255 2567 410 2633 sententia
432 2564 547 2650 judicis
571 2565 772 2634 ecclesiastici
796 2587 887 2652 snper
909 2568 1096 2652 separationi
1118 2565 1219 2644 thori,
1253 2565 1431 2644 ilduardus,
1461 2569 1500 2631 ut

254 2670 459 2737 conscientiae
482 2687 557 2736 suaa
575 2670 672 2755 quieti
696 2670 864 2754 provideat,
885 2672 971 2738 enixe
994 2673 1073 2756 petit
1096 2689 1135 2737 an
1156 2671 1203 2736 ita
1223 2671 1281 2734 sibi
1298 2669 1391 2735 liceat
1406 2669 1496 2734 adire

255 2775 394 2840 tribunal
414 2774 528 2840 laicum
554 2792 609 2858 pro
630 2774 839 2859 consequendo
863 2775 995 2843 divortio
1017 2774 1117 2854 civili,
1141 2775 1199 2840 snb
1221 2773 1369 2840 clausulis
1392 2777 1423 2838 et
1447 2793 1498 2837 re-

256 2877 469 2946 strictionibus
491 2896 585 2961 supra
605 2877 759 2945 indicatis.

360 2981 455 3049 Sacra
475 2981 718 3050 Poenitentiaria
740 2983 779 3049 ad
804 2985 971 3066 praemissa
994 2982 1174 3068 respondet:
1203 2981 1319 3049 Orator
1352 2981 1498 3048 conmutat

250 3087 400 3168 mobotoe
423 3092 572 3154 eadmer.

361 3188 476 3256 Datum
500 3189 615 3257 Romae
637 3191 669 3255 in
691 3189 722 3256 S.
743 3191 994 3270 Poenitontiaria‚
1016 3191 1066 3256 die
1089 3191 1141 3256 30.
1165 3189 1253 3257 Junii
1278 3189 1372 3258 laea.

958 3295 992 3362 R.
1018 3293 1107 3362 Card.
1132 3295 1279 3377 Musaeo,
1305 3295 1340 3360 P.
1363 3295 1405 3363 ll.

558 3433 592 3501 0.
629 3433 683 3500 Eu
704 3454 729 3501 s.
753 3431 867 3518 Gonpr.
892 3435 1039 3518 Episcopo.
1062 3439 1091 3500 et
1113 3431 1190 3518 ch.

255 3559 285 3620 1.
313 3552 408 3623 Dour.
432 3556 462 3620 d.
485 3555 516 3621 d.
538 3560 569 3622 4.
594 3555 671 3622 Nou.
696 3559 787 3623 1892
809 3553 894 3622 circo
917 3555 1141 3622 admissionem
1164 3554 1360 3621 alumnorum
1383 3576 1422 3622 ea
1441 3575 1495 3620 or-

253 3657 381 3724 dinibus
399 3665 428 3724 et
449 3659 739 3743 congregationibus
764 3659 994 3742 quibuscunque
1014 3657 1058 3724 ud
1078 3677 1187 3724 sacros
1209 3657 1336 3724 ordines
1359 3667 1387 3724 et
1408 3659 1495 3724 circa

550 3763 714 3828 mruudem
736 3762 953 3829 ordinatorum
972 3763 1198 3829 dimicatum.

1592 3829 1593 3854 l

357 3873 465 3940 Auctis
487 3873 652 3940 admodum
675 3894 710 3940 ex
733 3875 884 3960 singulari
910 3873 965 3940 liei
985 3873 1131 3940 beneficio
1148 3877 1286 3939 votorum
1303 3872 1492 3956 simplicium
1592 3861 1593 3904 ³

254 3977 421 4056 Institutio,
445 3977 491 4044 uti
512 3978 612 4044 multa
635 3978 705 4043 inde
729 3979 808 4044 bona
829 3979 979 4052 oriuntur.
1003 3980 1050 4044 ita
1072 3978 1177 4062 aliqua
1199 3978 1280 4061 parit
1298 3977 1493 4042 incommoda
1592 4021 1593 4076 3

252 4079 353 4148 facilis
376 4081 569 4147 alnmnomm
589 4081 763 4148 huiusmodi
784 4083 968 4148 societatum
991 4101 1149 4166 egressus,
1174 4086 1205 4148 et
1225 4098 1430 4164 consequens,
1455 4099 1491 4144 ex
1592 4081 1593 4106 ¹

252 4245 435 4314 mitgetbeilt,
455 4246 537 4302 worin
557 4246 643 4302 sineru
659 4247 772 4313 bienno,
797 4248 892 4303 descen
912 4247 986 4303 Weib
1004 4246 1061 4303 sich
1080 4247 1166 4303 sineru
1184 4244 1357 4301 liederlioben
1377 4241 1494 4298 bebene-

251 4331 355 4387 wandel
374 4332 488 4402 ergeben
507 4334 563 4397 hat.
581 4332 665 4389 nobei
683 4334 751 4389 anob
770 4349 802 4388 an
814 4333 974 4390 beltrcbten
991 4335 1036 4398 ist,
1055 4333 1117 4389 dass
1129 4331 1246 4388 dedurcb
1261 4330 1394 4386 Bastarde
1406 4330 1434 4384 in
1449 4328 1493 4384 die

252 4417 365 4473 Familia
384 4419 516 4489 gebracht
532 4419 646 4485 werden,
665 4449 699 4459 -
718 4420 837 4475 dennocb
851 4419 894 4476 die
907 4419 1108 4489 Naohsnchung
1126 4419 1174 4474 der
1191 4417 1380 4488 burgerlielren
1400 4415 1490 4470 Schei-

250 4502 324 4644 (ἔπος
336 4504 456 4646 mildam
469 4505 655 4576 btrgerlicben
668 4507 796 4562 Gerichte
814 4511 957 4576 untersagt
976 4505 1050 4562 nird.
1075 4505 1138 4576 Vgl.
1155 4505 1223 4560 euch
1241 4489 1350 4559 ,ericum
1366 4501 1493 4558 txvnl.
1592 4519 1593 4590 j

271 4629 280 4646 .
300 4591 349 4645 178
