3168 4898
276 143 338 212 328
381 163 477 220 Aleten
491 165 566 220 aber
576 166 626 220 die
639 162 828 234 Errirbtnnp
842 163 925 218 eines
935 163 1013 219 erat.
1026 157 1181 219 Vicoriote
1190 162 1224 218 irc
1238 161 1392 232 Badapeat
1402 161 1483 228 (tasi).

741 336 916 400 Venerabili
946 335 1046 400 Fratri

535 457 752 522 lllustrissimc
775 476 811 524 ac
836 457 1101 523 Reverendissimo
1127 455 1255 522 Domino

694 577 920 646 STEPHANO
945 579 1094 658 blatan,

274 703 365 768 eiecto
388 701 546 784 Episcopo
568 701 755 783 Stopnensi,
780 723 857 768 snae
878 701 1065 769 sanctitatis
1086 702 1200 767 summi
1225 699 1388 782 Pontificis
1411 699 1490 765 Proe-

274 807 337 872 loto
361 805 552 881 Domestica,
583 803 700 870 Abbati
726 805 758 871 S.
786 803 949 872 Benedicti
977 825 1074 886 prope
1100 803 1309 888 strigoniam,
1341 803 1382 868 Ε.
1405 803 1447 868 Μ.
1466 803 1490 868 S.

276 910 459 991 Praeposito
482 909 608 975 Maiori
630 915 658 974 et
681 908 858 986 Uoconiae,
889 909 1123 994 Prospnodotis
1150 908 1390 974 Examinotorii
1411 905 1490 970 Prae

272 1013 347 1090 aidi,
369 1013 502 1080 Censori
520 1011 722 1090 Dioccesono,
745 1011 868 1079 Domns
884 1011 988 1096 Regni
1003 1011 1174 1078 Procerum
1192 1012 1345 1085 Membro.
1367 1012 1425 1077 ins.
1439 1010 1491 1074 ord.

273 1117 427 1199 Leopotdi
446 1115 528 1198 Imp.
553 1115 694 1184 Coronae
717 1119 787 1182 dene
807 1117 933 1198 ferreae
956 1117 1024 1182 ΙΙΙ.
1048 1115 1161 1182 classis
1183 1118 1287 1198 equiti,
1309 1123 1382 1182 sect.
1404 1115 1492 1180 scien.

273 1228 301 1286 et
323 1222 499 1286 litterariae
519 1239 579 1286 soc.
604 1219 636 1286 S.
658 1219 809 1300 Stmrbam'
830 1221 994 1298 anbro,
1026 1219 1091 1287 Oto.
1122 1219 1258 1302 Stoipon.
1291 1217 1365 1284 Oiai
1393 1219 1434 1283 od
1451 1217 1492 1280 bo·

272 1345 374 1403 nores,
397 1323 453 1390 SS.
481 1323 662 1408 ibeoiopioe
687 1323 815 1390 Doctori
836 1323 1017 1408 Goltepiato,
1044 1323 1208 1390 Sacerdoti
1228 1321 1376 1388 anitnri
1397 1324 1429 1387 in
1448 1343 1492 1384 on·

683 1449 760 1493 nom
781 1429 947 1510 septimam
969 1434 1021 1494 ete.
1046 1435 1099 1494 etc.

479 1565 620 1632 Salutem
643 1567 675 1630 iu
698 1566 829 1632 Domine
851 1565 1098 1651 Sempiteruaml

375 1688 476 1770 Quum
515 1707 568 1772 per
608 1689 792 1754 erectionem
833 1689 1008 1754 Vicariatns
1055 1685 1363 1770 Archi—Episcopalis
1407 1685 1493 1750 Buda-

273 1793 434 1876 pestiensis
459 1811 534 1857 nera
556 1792 744 1858 coordinatis
763 1793 974 1858 Vicariatuum
999 1792 1091 1858 huius
1113 1790 1385 1856 Archi-Diocaesis
1407 1807 1494 1854 neom

272 1897 355 1961 saria
384 1896 518 1960 evaserit
546 1895 669 1980 Nosque
699 1898 778 1962 banc
810 1915 866 1980 ope
898 1897 1020 1962 Decreti
1049 1895 1124 1961 delto
1157 1897 1205 1962 15.
1229 1913 1308 1961 eurr.
1335 1895 1392 1960 Nr.
1414 1893 1494 1957 6705.

273 1999 365 2077 editi,
399 2001 710 2083 praesusceperimus‚
744 2019 823 2068 nune
853 2001 886 2065 in
916 2001 1073 2084 sequelam
1098 1999 1188 2065 buius
1211 1997 1448 2064 coordinationis
1466 1995 1495 2057 de

272 2103 486 2170 constituendo
508 2122 562 2187 pro
585 2104 779 2170 A-.·Dioecesi
804 2104 1008 2190 strigoniensi
1035 2104 1154 2169 Vicario
1170 2101 1314 2168 Genereli
1338 2101 1495 2185 cogitantes

270 2209 354 2274 illico
374 2207 487 2274 mentis
509 2207 641 2274 Nostrae
664 2209 761 2274 aciem
785 2209 992 2274 convertimus
1015 2207 1054 2273 ad
1077 2206 1292 2273 Venerabilem
1319 2204 1495 2271 lbaternita·

272 2316 336 2378 tem
360 2312 512 2389 Vestram,
535 2330 614 2396 quae
635 2311 698 2376 iam
723 2313 879 2396 bucusque
902 2313 933 2377 iu
958 2312 1141 2396 gravissimo
1164 2311 1256 2376 hocce
1278 2329 1422 2386 munere,
1442 2311 1493 2372 tam

272 2415 494 2501 praedecessori
532 2416 645 2482 Nostro
679 2435 771 2500 quam
797 2417 893 2482 Nobis
919 2419 950 2482 et
974 2417 1019 2481 ita
1041 2417 1180 2498 integrae
1204 2414 1399 2481 A.-Dioecesi
1428 2411 1493 2479 Stri-

272 2521 410 2605 goniensi
435 2519 568 2603 plurima
592 2522 623 2585 et
648 2520 852 2586 saluberrima
875 2521 1035 2604 praestitit
1056 2520 1193 2585 servitia.

375 2624 444 2689 Hae
467 2623 504 2690 de
527 2643 621 2689 causa
643 2625 738 2689 etiam
771 2627 839 2707 post
869 2623 984 2690 lectam
1011 2623 1223 2688 Vicariatuum
1247 2621 1492 2687 coordinationem

272 2728 487 2794 Venerabilem
514 2727 754 2794 Vraternitatem
780 2729 920 2794 Vestram
945 2727 1103 2794 Vioarium
1128 2727 1277 2792 Nostrum
1291 2728 1322 2791 et
1338 2726 1495 2791 Causarum

273 2832 453 2898 auditorem
469 2830 652 2897 Generalern
669 2831 869 2910 nominamus,
891 2833 1110 2898 constituimus
1128 2834 1161 2896 et
1176 2830 1371 2914 deputamus,
1391 2831 1495 2912 practer

270 2935 361 3002 datas
384 2935 490 3000 blidam
518 2936 718 3000 Vraternitati
743 2936 871 3002 Vestrae
893 2935 950 3000 sub
976 2936 1026 3000 12.
1045 2935 1203 3000 Februarii
1227 2954 1254 3001 a.
1277 2934 1372 3000 1892.
1401 2931 1495 2998 Vacal-

270 3041 353 3106 tatcs
383 3057 504 3104 omnem
538 3039 625 3106 illam
659 3039 691 3104 in
727 3040 979 3106 Archi-Dioecesi
1016 3039 1261 3123 jurisdictionem
1296 3036 1494 3122 impertientes

273 3142 472 3210 Vraternitati
498 3143 640 3224 Vestrae,
670 3162 750 3227 quae
780 3144 818 3210 ad
840 3144 977 3210 otlicium
1004 3144 1117 3209 Vicarii
1146 3142 1307 3210 Generalis
1328 3141 1367 3207 de
1390 3141 1452 3206 iure
1471 3139 1495 3201 et

271 3247 310 3312 de
332 3245 551 3313 consuetudine
575 3247 711 3313 noscitur
734 3249 896 3332 pertinere.
926 3249 1075 3314 Volumus
1098 3249 1213 3325 autern,
1236 3248 1272 3312 ut
1294 3243 1493 3312 Venerabilen

272 3351 511 3416 Vruternitatem
547 3351 687 3417 Vestram
721 3370 783 3435 qua
816 3351 974 3418 Vicarinm
1006 3352 1155 3417 Nostrum
1188 3349 1372 3416 Generalem
1405 3363 1494 3414 omnes

267 3453 476 3539 jurisdictioni
502 3453 636 3521 Nostrae
656 3455 787 3540 subjecti
812 3459 1049 3541 recognoscant,
1073 3455 1256 3540 respiciant,
1280 3457 1374 3538 atque
1396 3455 1430 3518 ut
1450 3467 1493 3534 par

271 3562 319 3625 est
340 3559 446 3625 llidem
468 3558 632 3639 obediant,
662 3559 689 3624 si
719 3559 788 3643 quis
815 3579 885 3626 vero
918 3560 1097 3626 inobediens
1121 3559 1214 3626 luerit
1237 3558 1390 3642 condigna
1412 3571 1492 3640 poena

271 3664 428 3748 puniatur.

374 3767 411 3832 In
432 3785 561 3851 quorum
584 3766 676 3833 iidem
700 3767 839 3834 dedimus
868 3767 923 3834 bas
951 3767 1175 3853 subscriptione
1198 3765 1362 3850 sigilloque
1385 3760 1491 3832 Nostris

271 3871 407 3937 munitas
432 3870 564 3936 litteras.
611 3871 725 3936 Datum
760 3871 977 3956 Bndapestini‚
1015 3873 1064 3937 die
1097 3873 1174 3937 21·e
1205 3870 1384 3936 Decembris
1413 3867 1489 3932 1892.

271 3975 419 4042 Olarrdius
442 3995 483 4039 nn.
506 3993 536 4057 p.
561 3973 610 4039 Ad
634 3976 661 4041 b.
687 3975 889 4041 mandatum:
922 3975 976 4044 Dr.
996 3976 1133 4044 ioannes
1156 3974 1328 4054 Csernocb,
1354 3974 1388 4038 lu.
1411 3971 1449 4036 bl.
1466 3968 1488 4034 S.

271 4077 453 4158 Canonicus,
477 4077 687 4146 (lancellariae
711 4078 859 4146 Director.

376 4183 537 4248 Decretum
563 4182 787 4267 jurisdictionis
810 4182 893 4248 lllmi
916 4202 952 4249 ac
976 4183 1088 4248 Resirni
1114 4183 1236 4250 Domini
1259 4181 1374 4248 Viaarii
1396 4179 1488 4245 'lirra-

272 4286 384 4352 riensia
406 4286 596 4369 publicatum
620 4285 681 4351 luit
702 4285 734 4350 in
756 4285 964 4353 circatoribus
989 4287 1183 4354 Dioecesanis
1205 4287 1333 4353 Litteris
1353 4306 1381 4352 a.
1400 4304 1425 4352 c.
1443 4279 1488 4346 sub

271 4388 326 4454 Nr.
350 4389 424 4455 870.
469 4390 535 4454 Hoc
558 4389 645 4454 illam
666 4391 788 4454 tantam
811 4391 929 4457 subivit
951 4391 1174 4470 mutationem,
1208 4391 1288 4474 quod
1310 4406 1416 4456 causas
1436 4401 1487 4450 ma·

273 4489 482 4568 trimeniales,
512 4493 542 4556 in
570 4493 682 4575 quibus
713 4493 879 4578 Episcopus
902 4495 1024 4580 propria
1047 4496 1233 4560 auctoritate
1256 4513 1316 4559 non
1337 4488 1486 4576 dispensat
