3168 4898
702 685 795 766 ΧΧΧ.

53 910 56 914 ,
101 837 213 920 Breve
240 839 363 922 leonis
390 839 424 922 Ρ.
442 837 475 920 Ρ.
499 839 576 920 llltl.
602 839 657 922 die
684 841 719 922 8.
742 840 943 924 Decembris
963 839 1055 922 1882
1079 840 1196 922 datum
1219 838 1263 920 de
1285 837 1340 920 dle

102 961 336 1062 poenitenliae
363 983 570 1065 precumque
597 964 629 1044 iu
658 963 881 1046 bioeceeibos
904 963 1092 1045 borussiae
1119 960 1340 1045 celebranda

581 1129 643 1195 Leo
666 1128 730 1194 ΡΡ.
757 1128 860 1194 XIII.

187 1285 379 1352 Venerabilis
406 1285 522 1364 Frater,
543 1284 682 1352 Salutem
705 1287 737 1354 et
760 1286 968 1370 Apostolicam
992 1284 1258 1352 Benedictionem!

205 1415 274 1496 Qua
293 1435 328 1481 er
347 1416 498 1500 singulari
524 1415 654 1481 Divinae
678 1416 892 1482 Providentiae
916 1416 1043 1482 consilio
1065 1416 1162 1482 totius
1187 1416 1339 1483 Catholici

101 1519 206 1604 gregis
237 1539 310 1586 cura
338 1527 502 1605 urgemur,
537 1521 601 1586 Nos
630 1519 791 1598 admonet,
826 1523 862 1586 ut
893 1520 1000 1586 sedulo
1030 1521 1210 1604 attenteque
1238 1521 1340 1586 studio

101 1628 308 1706 praestemus,
340 1643 418 1708 quae
448 1624 478 1688 in
509 1623 696 1708 exploratam
728 1623 984 1690 christifidelium
1013 1625 1183 1691 utilitatem
1219 1623 1339 1689 cedant.

100 1728 168 1792 Iam
202 1747 272 1793 vero
301 1727 552 1793 Pracdecessores
583 1711 689 1794 Nostri
717 1728 847 1794 Romani
879 1727 1063 1805 Pontifices,
1098 1728 1157 1793 etsi
1190 1727 1268 1794 nibil
1303 1727 1341 1793 iis

101 1851 236 1914 unquam
259 1833 417 1916 antiquius
440 1834 538 1896 visum
560 1832 610 1910 sit,
632 1851 724 1917 quarn
748 1834 784 1896 ut
808 1832 1004 1898 Christianus
1028 1833 1156 1916 populus
1179 1832 1341 1898 veneretur

101 1934 261 2001 Sabbatha
286 1936 417 2015 Domini,
445 1940 548 2002 tamen
573 1955 642 2000 cum
667 1936 769 2019 gravis
793 1937 941 2002 momenti
966 1937 1100 2002 rationes
1122 1937 1152 2001 id
1176 1937 1339 2013 suaserint,

101 2040 133 2105 im
158 2041 399 2124 praescribendis
422 2041 510 2106 lestis
533 2040 640 2105 diebus
660 2059 825 2124 eorumque
848 2041 1072 2119 celebratione,
1104 2060 1162 2106 uon
1186 2040 1339 2125 spirituali

103 2149 225 2211 tanturn
253 2145 459 2212 emolumento
482 2145 623 2227 gentium
644 2145 841 2222 consuluere,
872 2163 977 2209 verum
1005 2147 1099 2211 etiam
1122 2144 1346 2228 temporalibus

102 2269 207 2315 earum
232 2249 467 2314 necessitatibus
489 2250 657 2332 opportuno
680 2267 716 2314 ac
738 2247 904 2316 salubriter
928 2267 981 2332 pro
1003 2251 1176 2332 temporum
1200 2267 1236 2314 ac
1260 2249 1341 2314 loco-

106 2373 172 2418 rum
197 2353 439 2420 circumstantiis
461 2352 604 2418 obvenire
630 2371 686 2417 non
705 2354 879 2418 renuerunt.
912 2352 980 2416 Hac
996 2354 1097 2417 mente
1114 2353 1174 2418 Leo
1190 2353 1250 2417 ΡΡ.
1269 2352 1340 2418 Xll.

103 2458 155 2524 fel.
179 2457 295 2524 record.
318 2457 536 2522 Praadecessor
560 2455 674 2521 Noster
695 2455 880 2538 Apostolicis
903 2455 1002 2520 litoris
1030 2455 1136 2521 eadem
1161 2456 1220 2520 hac
1245 2456 1341 2521 torma

104 2561 144 2627 ad
177 2561 436 2645 praedecessorem
471 2563 560 2626 tuum
596 2559 821 2624 Nardinaudum
857 2561 1033 2643 Augustum
1067 2559 1338 2642 Archiopiscopum

104 2666 314 2733 Colonienscm
338 2665 387 2730 die
409 2665 449 2730 lI.
473 2663 587 2729 mensis
611 2663 788 2729 Decembris
811 2681 889 2728 anuo
912 2663 996 2728 1828
1012 2662 1105 2736 datis,
1129 2663 1187 2747 ipsi
1211 2663 1341 2746 aliisque

104 2769 204 2855 Regni
225 2770 323 2855 quoad
347 2770 413 2835 tura
444 2768 572 2851 petebat
605 2767 757 2833 Borassici
785 2765 946 2832 Sacrorum
980 2767 1200 2845 butlstitibus,
1232 2785 1341 2851 nempe

104 2874 296 2952 Trevirensi,
324 2872 577 2950 Mouasteriensi,
611 2871 853 2937 Paderberuensi
876 2875 908 2936 et
935 2871 1149 2948 Posnanicnsi,
1173 2870 1341 2949 dulmensi,

106 2977 354 3044 Wratisleviensi
375 2995 430 3042 aec
454 2996 510 3042 non
533 2976 706 3052 Varmlensi
730 2975 898 3050 mandavit,
920 2977 955 3040 ut
976 2975 1008 3040 in
1032 2993 1088 3040 sue
1110 2975 1238 3059 quisquc
1258 2975 1340 3040 dioe-

104 3083 166 3148 cesi
188 3082 316 3148 eundem
340 3081 489 3146 festorum
513 3080 648 3145 ordinem
673 3079 857 3146 anctoritate
875 3078 1052 3162 Apostolica
1073 3079 1215 3152 ediceret,
1240 3078 1340 3162 quiin

104 3186 268 3270 provinciis
304 3186 403 3270 Regni
443 3185 595 3250 Berussici
634 3183 836 3249 orientalibus
873 3203 909 3248 ex
949 3183 1134 3268 Apostolicis
1172 3183 1342 3250 Clementis

105 3290 166 3356 ΡΡ.
190 3291 294 3366 xit,
324 3291 356 3356 et
386 3289 434 3354 Pii
459 3289 519 3356 ΡΡ.
545 3288 597 3353 VI.
632 3287 815 3353 Nostrorum
847 3287 1118 3352 Praedscessorum
1150 3287 1247 3353 literis
1274 3289 1342 3352 tarn

104 3396 240 3479 vigebat.
287 3395 379 3460 Porro
410 3412 479 3458 curn
509 3411 562 3475 per
592 3391 708 3457 similes
742 3391 850 3457 literas
885 3391 922 3456 ad
956 3393 1125 3457 Antonium
1162 3391 1341 3474 Episcopum

105 3499 298 3583 Papbemsem
329 3497 486 3563 vicarium
514 3496 725 3580 Apostolicum
750 3497 782 3560 et
805 3495 960 3560 Decanum
986 3495 1269 3560 Wratislavieusem
1293 3495 1343 3560 dic

106 3603 190 3669 XlX.
215 3601 328 3668 mensis
357 3601 472 3685 Aprilis
504 3620 584 3666 anno
616 3601 699 3666 1788
728 3599 835 3677 datas,
871 3598 943 3663 Pius
977 3598 1037 3663 ΡΡ.
1064 3599 1116 3666 Vl.
1145 3599 1234 3664 recol.
1263 3617 1341 3663 men.

106 3707 325 3772 Praedecessor
346 3705 478 3783 Noster,
509 3704 661 3770 Borussici
696 3703 788 3788 Regis
816 3703 932 3785 optatis
959 3721 1111 3780 amnuens,
1144 3702 1341 3768 statuendum

105 3809 268 3888 curaverit,
290 3812 327 3874 ut
349 3827 403 3893 pro
425 3808 613 3874 dioecesanis
637 3807 812 3874 Barrussico
830 3805 906 3891 Regi
922 3806 1021 3872 eidem
1037 3805 1184 3872 subiectis
1200 3806 1344 3889 designa-

104 3915 190 3979 retur
211 3913 375 3998 quotannis
398 3911 462 3977 dies
485 3931 537 3996 pro
559 3911 748 3978 solemnibus
764 3911 837 3976 lieo
859 3909 1136 3994 supplicationibus
1161 3908 1345 3993 peragendis

105 4018 144 4082 ad
170 4018 278 4084 uberes
309 4037 344 4083 ex
373 4018 457 4102 egris
490 4017 608 4081 fructus
642 4014 838 4092 obtinendos,
874 4015 983 4098 bioque
1016 4014 1082 4080 dies
1117 4013 1237 4079 scillcet
1267 4013 1343 4079 teria

105 4123 216 4205 quarta
245 4121 358 4187 tertiae
388 4118 597 4186 hebdomadae
625 4121 694 4202 post
726 4118 847 4184 Pascha
869 4138 905 4184 er
927 4119 1000 4184 tunc
1022 4115 1115 4184 sicuti
1135 4117 1266 4184 tosticus
1290 4116 1344 4182 ha·

106 4225 190 4292 bitus
213 4225 323 4305 luerit,
352 4225 424 4290 hinc
445 4223 565 4290 lactum
588 4224 654 4300 est,
687 4223 723 4287 ut
745 4224 811 4288 tarn
834 4222 1012 4306 praediatus
1034 4221 1247 4306 praedecessor
1270 4222 1346 4287 tuus

106 4329 326 4412 Archipraesul
348 4326 535 4396 Coloniensis
568 4345 661 4411 quarn
694 4326 748 4392 alii
779 4325 1027 4411 supradictarum
1061 4324 1247 4392 dioecesium
1279 4327 1344 4390 An·

106 4433 224 4499 tistites
250 4433 282 4496 in
303 4431 498 4517 disponendis
521 4431 608 4498 lestis
630 4447 684 4514 pro
705 4430 815 4496 iisdem
842 4429 996 4497 Borussici
1023 4430 1121 4513 ltegni
1144 4428 1343 4506 dioecesibus,

106 4537 188 4604 inter
222 4537 285 4602 alia
315 4537 447 4620 idipsum
483 4535 532 4602 Pii
562 4535 622 4602 ΡΡ.
649 4533 699 4599 Vl.
733 4535 891 4601 decretum
924 4552 978 4619 pro
1012 4534 1080 4620 lege
1114 4532 1280 4600 habuerint
1312 4535 1345 4599 at
