3228 4908
276 190 387 264 Conpr.
408 211 431 248 s.
449 193 520 263 Ottl:
538 197 675 250 arabim.
696 195 782 264 reliq.
802 199 917 264 upoal.,·
935 197 971 250 de
990 197 1086 252 absol.
1105 213 1124 251 α
1143 213 1262 252 centur.
1330 179 1390 244 135

246 373 279 434 2.
319 367 429 452 Oonyr.
453 389 479 434 s.
504 366 611 448 Officii
633 369 719 434 circa
738 369 973 436 matrimonium
995 369 1134 454 ralipiosi
1156 369 1300 452 apostati.

416 507 482 573 Fer.
503 507 557 573 lV.
578 505 627 571 dte
652 507 691 572 12
712 506 848 591 januarii
874 507 967 574 1888.

261 628 373 696 SSmus
393 629 429 694 D.
452 629 490 695 N.
515 629 574 694 Leo
595 628 665 694 Dis.
690 628 779 696 Prov.
801 629 885 714 Papa
900 629 988 698 XIII.
1011 630 1042 695 io
1066 630 1224 696 audientia
1247 631 1283 696 R.
1300 632 1335 699 P.
1352 631 1390 698 D.

153 734 314 799 adsessori
346 732 375 801 S.
405 732 439 799 0.
474 733 650 817 impertita,
687 733 795 798 andita
831 734 979 800 relatione
1013 733 1214 818 suprascripti
1245 735 1393 819 supplicis

150 838 250 903 libelli
282 857 342 902 una
372 857 440 902 cum
468 837 611 902 Emorum
635 856 670 902 ac
695 837 841 902 limorum
866 837 902 903 D.
931 839 966 904 O.
991 837 1200 904 Cardinalium
1224 838 1391 922 Inquisito-

152 962 219 1006 rum
244 941 440 1006 Generalium
466 942 632 1026 sumagiis,
656 941 845 1024 attentisque
868 942 1073 1026 peculiaribus
1096 941 1338 1010 circumstantiis
1360 943 1391 1009 in

152 1065 224 1111 cusu
260 1046 531 1122 concurrentibus,
564 1045 695 1131 benigne
728 1047 848 1110 remisit
882 1065 985 1130 preces
1020 1046 1163 1131 prudenti
1197 1047 1325 1112 arbitrio
1361 1049 1393 1113 et

155 1151 362 1217 consedentiae
388 1151 424 1215 R.
445 1149 481 1216 P.
505 1149 542 1216 D.
566 1150 705 1234 Episcopi
736 1151 776 1216 N.
801 1151 840 1216 N.
871 1170 940 1216 cum
971 1150 1121 1216 facultate
1151 1152 1246 1216 etlam
1277 1150 1389 1216 subde·
1523 1165 1526 1171 '

152 1254 290 1339 legendi,
312 1254 337 1320 si
361 1273 436 1339 opus
459 1255 510 1332 sit,
534 1255 585 1338 qui
608 1257 695 1320 curet
718 1255 802 1339 prius
825 1255 899 1320 totis
923 1255 1040 1320 viribus
1057 1256 1092 1321 ut
1106 1255 1218 1330 Orator
1233 1260 1392 1339 separetur

150 1378 169 1423 a
196 1358 343 1437 muliere,
374 1361 405 1423 et
432 1361 585 1442 quatenus
615 1357 646 1423 id
679 1358 810 1424 obtineri
833 1361 982 1441 nequeat,
1014 1359 1137 1442 praesta
1159 1359 1392 1425 absolutiones

153 1463 291 1526 censuris
326 1464 358 1527 et
393 1461 586 1545 separatione
621 1482 638 1526 a
673 1461 760 1527 thoro
800 1481 854 1546 per
891 1463 1015 1546 aliquod
1054 1465 1176 1546 tempus
1212 1464 1250 1528 ab
1285 1461 1391 1528 eodem

150 1565 299 1649 Episcopo
332 1565 616 1644 determinandam,
649 1566 825 1649 dispensare
857 1566 969 1634 valeat.
1015 1566 1175 1633 Oratorem
1198 1585 1290 1650 super
1313 1566 1392 1632 votIs

151 1669 342 1736 solemnibus
366 1671 403 1735 ab
427 1689 462 1736 eo
487 1669 607 1736 emissis
631 1671 661 1734 in
687 1670 801 1736 Ordine
823 1671 864 1736 N.
896 1690 964 1736 eum
994 1671 1024 1735 in
1053 1671 1144 1736 linem
1178 1673 1214 1736 ut
1243 1670 1328 1735 licite
1356 1689 1391 1735 ac

149 1773 251 1838 valide
276 1774 506 1839 matrimonium
528 1774 708 1839 contrahere
732 1777 829 1858 possit
847 1793 916 1839 cum
942 1775 1070 1840 muliere
1085 1775 1249 1853 catholica,
1273 1774 1310 1840 de
1330 1793 1390 1858 qua

152 1876 185 1942 in
210 1878 362 1961 precibus,
388 1898 448 1962 qua
471 1878 643 1957 demortua,
666 1877 705 1944 ad
728 1878 806 1944 alias
830 1877 954 1964 nuptias
977 1879 1109 1945 transire
1132 1889 1274 1962 nequeat.

255 1981 384 2065 Insuper
407 1981 442 2046 n.
466 1983 499 2047 P.
525 1983 562 2049 D.
588 1981 754 2066 Episcopus
786 1983 865 2048 serto
894 1987 1018 2049 moueat
1047 1982 1226 2063 Oratorem,
1257 1981 1337 2066 quod
1365 1983 1390 2046 si

147 2089 235 2150 extra
258 2085 379 2150 licitum
403 2085 536 2168 coujugii
561 2105 648 2150 ruscum
670 2085 849 2171 deliquerit,
872 2107 904 2152 se
928 2091 1036 2153 contra
1059 2089 1164 2152 retum
1188 2089 1220 2152 at
1241 2086 1386 2153 virtutem

147 2189 308 2256 castitatis
338 2189 502 2272 deliquisse
528 2190 622 2268 sciat,
648 2190 807 2274 eidemque
836 2191 976 2275 imponat
1003 2191 1156 2258 salutares
1184 2189 1388 2277 poenitentias

148 2294 307 2378 ejuratis
331 2294 464 2358 naturali
489 2293 620 2358 durante
644 2293 875 2377 adimplendam
907 2315 1015 2378 nempe
1039 2297 1074 2360 ut
1097 2293 1191 2360 semel
1214 2294 1245 2359 in
1270 2292 1385 2359 bebdo-

149 2397 243 2463 mada
266 2397 376 2464 recitet
398 2398 525 2463 tertiam
549 2402 667 2482 partem
693 2398 830 2475 Rosarii3
855 2399 1103 2465 solemnitatibus
1127 2398 1280 2473 Paschae,
1309 2398 1387 2462 Peo-

147 2504 294 2577 tecostes,
316 2501 502 2566 Natiuitatis
528 2501 564 2567 O.
588 2501 628 2567 N.
652 2501 682 2568 J.
705 2501 750 2580 0.,
774 2503 1001 2587 Assumptiouis
1025 2503 1058 2568 B.
1083 2503 1127 2569 M.
1147 2501 1181 2570 V.
1207 2506 1238 2566 et
1257 2501 1287 2565 in
1311 2501 1389 2565 festo

147 2605 293 2671 Omnium
326 2604 506 2670 Sanctorum
537 2609 666 2689 peccata
696 2615 751 2676 sua
778 2591 960 2671 confiteatur
984 2605 1141 2671 Sacerdoti
1163 2607 1201 2669 ab
1225 2603 1387 2671 Ordinatio

147 2709 334 2792 adprosam
366 2711 498 2794 singulis
528 2711 616 2775 anuis
643 2710 692 2775 his
712 2711 847 2794 jejunet,
881 2709 959 2777 idest
982 2711 1077 2776 semel
1099 2711 1131 2774 iu
1154 2709 1297 2775 bonorem
1322 2708 1386 2772 lm·

152 2815 325 2880 rrraculatae
346 2815 570 2898 Conceptionis,
595 2818 625 2879 et
649 2815 747 2878 altera
771 2813 835 2880 vire
859 2814 889 2878 in
911 2815 1055 2880 bonorem
1077 2813 1108 2880 S.
1130 2813 1258 2897 Jusepbi
1280 2813 1388 2898 Sponsi

152 2922 188 2986 B.
213 2920 313 2988 111.
337 2920 445 2986 diebus
469 2921 506 2984 ad
530 2919 654 2984 libItum
674 2917 813 2986 Oratoris
835 2919 996 3003 eligendis,
1020 2920 1131 3003 quibus
1152 2920 1257 2984 tamen
1285 2916 1324 2983 ad
1341 2917 1387 3000 je-

141 3025 266 3108 junium
288 3044 346 3089 nori
372 3028 513 3089 terreatur
536 3025 628 3088 aliam
653 3025 690 3087 ob
714 3043 848 3091 causam.

257 3129 323 3212 lpse
354 3132 457 3194 autem
489 3129 655 3212 Episcopus
686 3130 789 3205 curret,
820 3131 854 3192 ut
887 3128 997 3194 Orator
1020 3148 1089 3194 cum
1114 3128 1241 3193 muliere
1265 3147 1297 3193 se
1318 3146 1388 3192 con·

149 3234 262 3309 ierant,
287 3234 313 3298 si
339 3233 403 3298 fieri
427 3234 531 3316 possit,
555 3233 584 3297 io
610 3233 706 3298 alium
730 3233 840 3310 locum,
872 3233 903 3296 iu
927 3250 985 3315 quo
1009 3233 1144 3298 conditio
1165 3231 1310 3315 religiosa
1332 3230 1387 3294 siri

145 3339 258 3422 ignota
277 3337 328 3403 sit.

259 3441 447 3508 ›Contrariis
468 3461 526 3506 noo
549 3442 743 3508 obstantibus
766 3441 1018 3525 quibuscumque.

601 3563 633 3630 F.
657 3564 808 3630 Mancini
829 3563 861 3634 S.
884 3563 918 3628 lt.
939 3565 970 3626 et
994 3562 1030 3628 U.
1051 3561 1082 3628 S.
1104 3562 1281 3628 Notarius«

171 3745 204 3804 3.
238 3737 374 3804 Decreta
395 3759 420 3804 s.
447 3737 552 3820 Officii
574 3741 604 3804 ct.
626 3743 676 3803 19.
700 3739 837 3820 Anpnsti
860 3741 944 3803 1891
966 3742 994 3801 ct
1016 3737 1047 3802 ct.
1069 3741 1122 3802 30.
1148 3735 1247 3802 Mart.
1273 3740 1360 3801 1892

440 3843 478 3909 de
500 3843 691 3908 absolutione
713 3865 734 3908 a
754 3841 899 3908 cameris
919 3840 1097 3907 reserantis.

752 3960 813 4049 L.

410 4112 595 4180 Beatissimo
622 4111 723 4190 Pater,

253 4225 391 4299 X....‚
415 4225 454 4290 ad
477 4224 507 4292 S.
531 4224 565 4287 li.
588 4227 678 4309 pedes
701 4225 889 4309 provolutus,
916 4223 1128 4307 perbnmiliter
1151 4223 1275 4307 exponit
1297 4227 1387 4336 prout

147 4335 381 4498 seeuutqriffl
404 4433 604 4515 Apostotc'eaa
626 4433 718 4500 Sedis
738 4433 929 4498 declaratum
956 4431 1017 4496 fult
1039 4449 1098 4495 non
1121 4429 1227 4495 adesse
1249 4449 1384 4498 reserva-

146 4536 276 4618 tionem,
299 4537 325 4604 si
349 4539 462 4623 agatur
485 4537 522 4602 de
543 4537 650 4604 mortis
669 4537 810 4618 articulo,
833 4537 886 4605 sed
902 4535 1041 4602 additum
1060 4535 1137 4601 luit:
1160 4537 1269 4620 inquo
1283 4541 1387 4604 wmcn
